day;timestamp;product;bid_price_1;bid_volume_1;bid_price_2;bid_volume_2;bid_price_3;bid_volume_3;ask_price_1;ask_volume_1;ask_price_2;ask_volume_2;ask_price_3;ask_volume_3;mid_price;profit_and_loss
-1;0;PEARLS;9998;1;9995;30;;;10005;30;;;;;10001.5;0.0
-1;0;BANANAS;4893;1;4892;30;;;4899;30;;;;;4896.0;0.0
-1;100;PEARLS;9996;1;9995;30;;;10002;6;10004;1;10005;30;9999.0;0.0
-1;100;BANANAS;4892;31;;;;;4896;7;4898;31;;;4894.0;0.0
-1;200;BANANAS;4892;22;;;;;4899;22;;;;;4895.5;0.0
-1;200;PEARLS;9996;1;9995;21;;;10004;1;10005;21;;;10000.0;0.0
-1;300;PEARLS;9996;2;9995;23;;;9998;3;10004;2;10005;23;9997.0;0.0
-1;300;BANANAS;4893;25;;;;;4899;2;4900;23;;;4896.0;0.0
-1;400;PEARLS;9998;5;9996;2;9995;23;10004;2;10005;23;;;10001.0;6.0
-1;400;BANANAS;4894;5;4893;25;;;4899;25;;;;;4896.5;0.0
-1;500;PEARLS;10002;1;9996;2;9995;22;10004;2;10005;22;;;10003.0;6.0
-1;500;BANANAS;4893;24;;;;;4899;24;;;;;4896.0;0.0
-1;600;BANANAS;4892;26;;;;;4897;9;4899;26;;;4894.5;0.0
-1;600;PEARLS;9996;2;9995;24;;;10002;9;10004;2;10005;24;9999.0;8.0
-1;700;PEARLS;9998;7;9995;27;;;10005;27;;;;;10001.5;8.0
-1;700;BANANAS;4892;7;4891;27;;;4898;27;;;;;4895.0;0.0
-1;800;PEARLS;9995;26;;;;;10005;26;;;;;10000.0;8.0
-1;800;BANANAS;4891;26;;;;;4898;26;;;;;4894.5;0.0
-1;900;BANANAS;4892;2;4891;27;;;4898;29;;;;;4895.0;0.0
-1;900;PEARLS;9996;2;9995;27;;;10004;2;10005;27;;;10000.0;8.0
-1;1000;BANANAS;4891;28;;;;;4897;2;4898;26;;;4894.0;0.0
-1;1000;PEARLS;9996;2;9995;26;;;10004;2;10005;26;;;10000.0;8.0
-1;1100;BANANAS;4891;25;;;;;4898;25;;;;;4894.5;0.0
-1;1100;PEARLS;9996;2;9995;23;;;10004;2;10005;23;;;10000.0;8.0
-1;1200;PEARLS;9998;9;9996;2;9995;28;10004;2;10005;28;;;10001.0;8.0
-1;1200;BANANAS;4892;9;4891;30;;;4898;30;;;;;4895.0;0.0
-1;1300;PEARLS;9996;1;9995;27;;;10004;1;10005;27;;;10000.0;8.0
-1;1300;BANANAS;4891;1;4890;27;;;4892;4;4897;28;;;4891.5;0.0
-1;1400;BANANAS;4891;1;4890;24;;;4897;26;;;;;4894.0;224.83789
-1;1400;PEARLS;9996;2;9995;24;;;10004;2;10005;24;;;10000.0;8.0
-1;1500;PEARLS;10002;1;9996;2;9995;20;10004;2;10005;20;;;10003.0;8.0
-1;1500;BANANAS;4896;1;4891;2;4890;20;4897;22;;;;;4896.5;223.22852
-1;1600;PEARLS;9996;1;9995;22;;;10004;1;10005;22;;;10000.0;10.0
-1;1600;BANANAS;4891;23;;;;;4897;23;;;;;4894.0;172.43945
-1;1700;PEARLS;9995;27;;;;;10005;27;;;;;10000.0;10.0
-1;1700;BANANAS;4890;27;;;;;4893;2;4897;27;;;4891.5;174.82715
-1;1800;BANANAS;4891;2;4890;25;;;4897;27;;;;;4894.0;285.91406
-1;1800;PEARLS;9996;2;9995;25;;;10004;2;10005;25;;;10000.0;10.0
-1;1900;PEARLS;9996;2;9995;29;;;10004;2;10005;29;;;10000.0;10.0
-1;1900;BANANAS;4890;31;;;;;4897;31;;;;;4893.5;283.41016
-1;2000;PEARLS;9996;1;9995;25;;;10002;7;10004;1;10005;25;9999.0;10.0
-1;2000;BANANAS;4890;26;;;;;4895;7;4896;1;4897;25;4892.5;283.22266
-1;2100;PEARLS;9995;23;;;;;10005;23;;;;;10000.0;10.0
-1;2100;BANANAS;4890;23;;;;;4897;23;;;;;4893.5;284.14648
-1;2200;BANANAS;4890;2;4889;30;;;4896;32;;;;;4893.0;285.4961
-1;2200;PEARLS;9996;2;9995;30;;;10004;2;10005;30;;;10000.0;10.0
-1;2300;PEARLS;9996;2;9995;22;;;10004;2;10005;22;;;10000.0;10.0
-1;2300;BANANAS;4890;2;4889;22;;;4896;24;;;;;4893.0;286.60742
-1;2400;PEARLS;9998;4;9996;2;9995;23;10004;2;10005;23;;;10001.0;10.0
-1;2400;BANANAS;4894;3;4890;6;4889;23;4896;25;;;;;4895.0;292.6914
-1;2500;BANANAS;4890;21;;;;;4891;5;4896;1;4897;20;4890.5;291.0078
-1;2500;PEARLS;9996;1;9995;20;;;10004;1;10005;20;;;10000.0;10.0
-1;2600;BANANAS;4889;25;;;;;4896;25;;;;;4892.5;582.0742
-1;2600;PEARLS;9995;25;;;;;10005;25;;;;;10000.0;10.0
-1;2700;BANANAS;4890;10;4889;24;;;4896;25;;;;;4893.0;584.9219
-1;2700;PEARLS;9998;4;9996;1;9995;24;10004;1;10005;24;;;10001.0;10.0
-1;2800;PEARLS;9998;5;9995;29;;;10005;29;;;;;10001.5;10.0
-1;2800;BANANAS;4895;1;4891;5;4890;29;4897;29;;;;;4896.0;582.77734
-1;2900;BANANAS;4891;25;;;;;4897;25;;;;;4894.0;526.58984
-1;2900;PEARLS;10002;10;9996;2;9995;23;10004;2;10005;23;;;10003.0;10.0
-1;3000;BANANAS;4891;31;;;;;4897;31;;;;;4894.0;526.98047
-1;3000;PEARLS;9996;2;9995;29;;;10004;2;10005;29;;;10000.0;30.0
-1;3100;BANANAS;4891;27;;;;;4897;2;4898;26;;;4894.0;532.73047
-1;3100;PEARLS;9996;2;9995;26;;;10004;2;10005;26;;;10000.0;30.0
-1;3200;PEARLS;9996;2;9995;30;;;10002;6;10004;2;10005;30;9999.0;30.0
-1;3200;BANANAS;4891;32;;;;;4896;6;4898;32;;;4893.5;530.5547
-1;3300;BANANAS;4891;28;;;;;4897;2;4898;26;;;4894.0;525.59375
-1;3300;PEARLS;9996;2;9995;26;;;10004;2;10005;26;;;10000.0;30.0
-1;3400;BANANAS;4891;29;;;;;4897;2;4898;27;;;4894.0;526.9336
-1;3400;PEARLS;9996;2;9995;27;;;10004;2;10005;27;;;10000.0;30.0
-1;3500;BANANAS;4891;30;;;;;4896;9;4897;2;4898;28;4893.5;528.6133
-1;3500;PEARLS;9996;2;9995;28;;;10002;9;10004;2;10005;28;9999.0;30.0
-1;3600;PEARLS;9995;21;;;;;9998;1;10005;21;;;9996.5;30.0
-1;3600;BANANAS;4891;21;;;;;4898;21;;;;;4894.5;534.1367
-1;3700;BANANAS;4892;31;;;;;4896;6;4898;31;;;4894.0;534.09766
-1;3700;PEARLS;9996;2;9995;29;;;10000;5;10002;7;10004;2;9998.0;32.0
-1;3800;BANANAS;4892;30;;;;;4898;1;4899;29;;;4895.0;533.7461
-1;3800;PEARLS;10002;1;9996;1;9995;29;10004;1;10005;29;;;10003.0;32.0
-1;3900;BANANAS;4893;1;4892;25;;;4898;25;;;;;4895.5;532.6758
-1;3900;PEARLS;9998;1;9995;25;;;10005;25;;;;;10001.5;34.0
-1;4000;PEARLS;10002;9;9996;2;9995;27;10004;2;10005;27;;;10003.0;34.0
-1;4000;BANANAS;4892;2;4891;27;;;4898;29;;;;;4895.0;532.4375
-1;4100;BANANAS;4892;24;;;;;4899;24;;;;;4895.5;529.2617
-1;4100;PEARLS;9996;1;9995;23;;;10004;1;10005;23;;;10000.0;52.0
-1;4200;BANANAS;4892;26;;;;;4893;10;4899;28;;;4892.5;529.125
-1;4200;PEARLS;9996;2;9995;26;;;10004;2;10005;26;;;10000.0;52.0
-1;4300;BANANAS;4892;31;;;;;4899;31;;;;;4895.5;1086.5625
-1;4300;PEARLS;9996;2;9995;29;;;10004;2;10005;29;;;10000.0;52.0
-1;4400;PEARLS;9996;1;9995;26;;;9998;1;10004;1;10005;26;9997.0;52.0
-1;4400;BANANAS;4892;26;;;;;4899;27;;;;;4895.5;1091.1562
-1;4500;BANANAS;4892;27;;;;;4899;27;;;;;4895.5;1090.5312
-1;4500;PEARLS;9995;27;;;;;10005;27;;;;;10000.0;54.0
-1;4600;BANANAS;4893;1;4892;21;;;4899;22;;;;;4896.0;1092.7812
-1;4600;PEARLS;9996;1;9995;21;;;10004;1;10005;21;;;10000.0;54.0
-1;4700;BANANAS;4892;27;;;;;4893;8;4899;27;;;4892.5;1087.7812
-1;4700;PEARLS;9998;4;9996;1;9995;26;10004;1;10005;26;;;10001.0;54.0
-1;4800;PEARLS;10002;3;9996;1;9995;24;10004;1;10005;24;;;10003.0;54.0
-1;4800;BANANAS;4898;1;4893;1;4892;24;4899;25;;;;;4898.5;1143.8516
-1;4900;BANANAS;4893;22;;;;;4899;22;;;;;4896.0;1088.2812
-1;4900;PEARLS;9995;22;;;;;9998;4;10005;22;;;9996.5;60.0
-1;5000;BANANAS;4893;4;4892;22;;;4899;23;;;;;4896.0;1101.8516
-1;5000;PEARLS;9998;3;9996;1;9995;22;10004;1;10005;22;;;10001.0;68.0
-1;5100;BANANAS;4894;7;4893;25;;;4899;25;;;;;4896.5;1106.0312
-1;5100;PEARLS;10002;1;9998;9;9995;25;10005;25;;;;;10003.5;68.0
-1;5200;PEARLS;9996;2;9995;22;;;10004;2;10005;22;;;10000.0;70.0
-1;5200;BANANAS;4893;24;;;;;4900;24;;;;;4896.5;1104.1875
-1;5300;PEARLS;9995;25;;;;;10005;25;;;;;10000.0;70.0
-1;5300;BANANAS;4893;25;;;;;4900;25;;;;;4896.5;1108.1797
-1;5400;BANANAS;4894;27;;;;;4899;8;4901;27;;;4896.5;1113.1797
-1;5400;PEARLS;9995;27;;;;;10000;6;10002;8;10005;27;9997.5;70.0
-1;5500;BANANAS;4895;1;4894;29;;;4901;30;;;;;4898.0;1114.2266
-1;5500;PEARLS;9996;1;9995;29;;;10004;1;10005;29;;;10000.0;70.0
-1;5600;BANANAS;4896;8;4895;27;;;4901;1;4902;26;;;4898.5;1050.0078
-1;5600;PEARLS;10002;1;9998;8;9996;1;10004;1;10005;26;;;10003.0;70.0
-1;5700;PEARLS;9998;4;9996;2;9995;23;10004;2;10005;23;;;10001.0;72.0
-1;5700;BANANAS;4897;2;4896;4;4895;25;4901;25;;;;;4899.0;626.15234
-1;5800;PEARLS;10002;1;9998;10;9995;24;10005;24;;;;;10003.5;72.0
-1;5800;BANANAS;4900;1;4895;10;4894;24;4901;24;;;;;4900.5;518.75
-1;5900;BANANAS;4895;21;;;;;4901;21;;;;;4898.0;467.0547
-1;5900;PEARLS;10000;5;9996;1;9995;20;10004;1;10005;20;;;10002.0;74.0
-1;6000;PEARLS;9996;2;9995;22;;;9998;4;10004;2;10005;22;9997.0;74.0
-1;6000;BANANAS;4895;2;4894;22;;;4901;24;;;;;4898.0;-694.66406
-1;6100;PEARLS;9996;1;9995;24;;;10000;5;10002;2;10004;1;9998.0;82.0
-1;6100;BANANAS;4895;1;4894;24;;;4899;2;4901;25;;;4897.0;-810.1797
-1;6200;PEARLS;9996;1;9995;29;;;10004;1;10005;29;;;10000.0;82.0
-1;6200;BANANAS;4894;29;;;;;4895;12;4901;30;;;4894.5;-863.4922
-1;6300;BANANAS;4894;24;;;;;4901;25;;;;;4897.5;-867.14844
-1;6300;PEARLS;9995;25;;;;;10005;25;;;;;10000.0;82.0
-1;6400;PEARLS;10000;4;9995;23;;;10005;23;;;;;10002.5;82.0
-1;6400;BANANAS;4894;23;;;;;4901;23;;;;;4897.5;-868.90625
-1;6500;PEARLS;9995;20;;;;;10005;20;;;;;10000.0;82.0
-1;6500;BANANAS;4894;20;;;;;4901;20;;;;;4897.5;-872.3047
-1;6600;PEARLS;9996;1;9995;26;;;10004;1;10005;26;;;10000.0;82.0
-1;6600;BANANAS;4894;27;;;;;4901;27;;;;;4897.5;-879.1719
-1;6700;BANANAS;4894;28;;;;;4900;2;4901;26;;;4897.0;-875.3672
-1;6700;PEARLS;10002;4;9996;2;9995;26;10004;2;10005;26;;;10003.0;82.0
-1;6800;BANANAS;4894;1;4893;24;;;4899;1;4900;23;;;4896.5;-864.09375
-1;6800;PEARLS;9998;1;9996;1;9995;23;10004;1;10005;23;;;10001.0;90.0
-1;6900;PEARLS;9995;28;;;;;10005;28;;;;;10000.0;90.0
-1;6900;BANANAS;4898;1;4897;4;4893;28;4900;28;;;;;4899.0;-860.9453
-1;7000;PEARLS;10000;6;9998;7;9996;2;10004;2;10005;27;;;10002.0;90.0
-1;7000;BANANAS;4894;9;4893;27;;;4900;29;;;;;4897.0;-914.5
-1;7100;PEARLS;9996;1;9995;29;;;10004;1;10005;29;;;10000.0;90.0
-1;7100;BANANAS;4893;30;;;;;4900;30;;;;;4896.5;-917.7656
-1;7200;BANANAS;4893;23;;;;;4899;2;4900;21;;;4896.0;-920.9219
-1;7200;PEARLS;9996;2;9995;21;;;10004;2;10005;21;;;10000.0;90.0
-1;7300;PEARLS;9996;2;9995;23;;;10002;4;10004;2;10005;23;9999.0;90.0
-1;7300;BANANAS;4893;25;;;;;4898;4;4900;25;;;4895.5;-913.7344
-1;7400;PEARLS;10002;1;9996;2;9995;28;10004;2;10005;28;;;10003.0;90.0
-1;7400;BANANAS;4894;30;;;;;4900;2;4901;28;;;4897.0;-910.6172
-1;7500;PEARLS;9995;29;;;;;10005;29;;;;;10000.0;90.0
-1;7500;BANANAS;4894;29;;;;;4901;29;;;;;4897.5;-908.3906
-1;7600;BANANAS;4895;2;4894;24;;;4901;26;;;;;4898.0;-896.9453
-1;7600;PEARLS;9996;2;9995;24;;;10004;2;10005;24;;;10000.0;90.0
-1;7700;PEARLS;9995;28;;;;;10005;28;;;;;10000.0;90.0
-1;7700;BANANAS;4900;1;4894;28;;;4901;28;;;;;4900.5;-884.72656
-1;7800;PEARLS;9996;1;9995;22;;;10004;1;10005;22;;;10000.0;90.0
-1;7800;BANANAS;4900;1;4895;1;4894;22;4901;23;;;;;4900.5;-943.28906
-1;7900;PEARLS;9996;1;9995;25;;;10002;4;10004;1;10005;25;9999.0;90.0
-1;7900;BANANAS;4895;26;;;;;4900;4;4901;1;4902;25;4897.5;-982.7031
-1;8000;BANANAS;4896;23;;;;;4902;23;;;;;4899.0;-981.66406
-1;8000;PEARLS;9996;1;9995;22;;;10004;1;10005;22;;;10000.0;90.0
-1;8100;PEARLS;9995;22;;;;;10005;22;;;;;10000.0;90.0
-1;8100;BANANAS;4896;22;;;;;4902;22;;;;;4899.0;-976.0156
-1;8200;PEARLS;9995;20;;;;;9998;1;10002;2;10005;20;9996.5;90.0
-1;8200;BANANAS;4896;20;;;;;4903;20;;;;;4899.5;-975.0703
-1;8300;PEARLS;10002;1;9998;6;9996;1;10004;1;10005;26;;;10003.0;92.0
-1;8300;BANANAS;4897;7;4896;26;;;4903;27;;;;;4900.0;-973.5781
-1;8400;BANANAS;4897;26;;;;;4904;26;;;;;4900.5;-967.59375
-1;8400;PEARLS;9995;26;;;;;10005;26;;;;;10000.0;94.0
-1;8500;PEARLS;9995;30;;;;;10005;30;;;;;10000.0;94.0
-1;8500;BANANAS;4899;5;4896;30;;;4903;30;;;;;4901.0;-956.71875
-1;8600;PEARLS;9996;1;9995;22;;;10004;1;10005;22;;;10000.0;94.0
-1;8600;BANANAS;4896;23;;;;;4903;23;;;;;4899.5;-954.53125
-1;8700;PEARLS;9996;1;9995;29;;;10004;1;10005;29;;;10000.0;94.0
-1;8700;BANANAS;4896;30;;;;;4898;1;4903;30;;;4897.0;-975.33594
-1;8800;BANANAS;4896;23;;;;;4897;4;4903;23;;;4896.5;-980.14844
-1;8800;PEARLS;9995;23;;;;;9998;12;10005;23;;;9996.5;94.0
-1;8900;PEARLS;10002;5;9996;1;9995;26;10004;1;10005;26;;;10003.0;118.0
-1;8900;BANANAS;4896;27;;;;;4902;1;4903;26;;;4899.0;-975.15625
-1;9000;PEARLS;9995;23;;;;;10002;7;10005;23;;;9998.5;128.0
-1;9000;BANANAS;4895;23;;;;;4900;7;4902;23;;;4897.5;-981.0625
-1;9100;PEARLS;9996;1;9995;30;;;10004;1;10005;30;;;10000.0;128.0
-1;9100;BANANAS;4896;31;;;;;4899;3;4903;31;;;4897.5;-991.03906
-1;9200;BANANAS;4896;24;;;;;4901;3;4903;24;;;4898.5;-983.96875
-1;9200;PEARLS;9995;24;;;;;10002;3;10005;24;;;9998.5;128.0
-1;9300;PEARLS;9995;23;;;;;10005;23;;;;;10000.0;128.0
-1;9300;BANANAS;4895;23;;;;;4902;23;;;;;4898.5;-983.39844
-1;9400;PEARLS;9996;2;9995;22;;;10004;2;10005;22;;;10000.0;128.0
-1;9400;BANANAS;4895;24;;;;;4902;24;;;;;4898.5;-987.64844
-1;9500;PEARLS;9998;9;9996;1;9995;28;10004;1;10005;28;;;10001.0;128.0
-1;9500;BANANAS;4897;9;4896;29;;;4902;1;4903;28;;;4899.5;-985.6094
-1;9600;BANANAS;4896;19;;;;;4902;20;;;;;4899.0;-982.10156
-1;9600;PEARLS;9995;20;;;;;10005;20;;;;;10000.0;128.0
-1;9700;PEARLS;9998;3;9995;25;;;10005;25;;;;;10001.5;128.0
-1;9700;BANANAS;4897;3;4896;25;;;4903;25;;;;;4900.0;-987.2578
-1;9800;PEARLS;9995;21;;;;;10002;5;10005;21;;;9998.5;128.0
-1;9800;BANANAS;4895;21;;;;;4900;5;4902;21;;;4897.5;-985.9844
-1;9900;BANANAS;4895;22;;;;;4902;22;;;;;4898.5;-983.3906
-1;9900;PEARLS;9995;22;;;;;10005;22;;;;;10000.0;128.0
-1;10000;BANANAS;4896;8;4895;31;;;4902;31;;;;;4899.0;-980.5
-1;10000;PEARLS;9998;8;9996;2;9995;29;10004;2;10005;29;;;10001.0;128.0
-1;10100;BANANAS;4895;22;;;;;4902;22;;;;;4898.5;-983.25
-1;10100;PEARLS;9995;22;;;;;10005;22;;;;;10000.0;128.0
-1;10200;PEARLS;9996;2;9995;23;;;10004;2;10005;23;;;10000.0;128.0
-1;10200;BANANAS;4895;25;;;;;4901;2;4902;23;;;4898.0;-990.0469
-1;10300;PEARLS;9996;2;9995;20;;;10004;2;10005;20;;;10000.0;128.0
-1;10300;BANANAS;4895;22;;;;;4896;4;4901;2;4902;20;4895.5;-986.27344
-1;10400;BANANAS;4895;30;;;;;4902;30;;;;;4898.5;-782.4844
-1;10400;PEARLS;9995;30;;;;;10005;30;;;;;10000.0;128.0
-1;10500;PEARLS;9998;4;9996;1;9995;27;10004;1;10005;27;;;10001.0;128.0
-1;10500;BANANAS;4896;4;4895;28;;;4901;28;;;;;4898.5;-765.6328
-1;10600;PEARLS;9995;23;;;;;9998;2;10002;6;10005;23;9996.5;128.0
-1;10600;BANANAS;4895;23;;;;;4900;6;4902;23;;;4897.5;-765.9844
-1;10700;PEARLS;9998;1;9995;23;;;10005;23;;;;;10001.5;132.0
-1;10700;BANANAS;4896;1;4895;23;;;4902;23;;;;;4899.0;-770.1797
-1;10800;BANANAS;4896;3;4895;23;;;4902;23;;;;;4899.0;-781.8281
-1;10800;PEARLS;10002;1;9998;4;9995;23;10005;23;;;;;10003.5;132.0
-1;10900;PEARLS;9996;1;9995;29;;;10004;1;10005;29;;;10000.0;134.0
-1;10900;BANANAS;4895;1;4894;29;;;4901;30;;;;;4898.0;-790.85156
-1;11000;PEARLS;9996;1;9995;29;;;10004;1;10005;29;;;10000.0;134.0
-1;11000;BANANAS;4894;30;;;;;4900;1;4901;29;;;4897.0;-779.53125
-1;11100;PEARLS;9996;2;9995;29;;;10002;4;10004;2;10005;29;9999.0;134.0
-1;11100;BANANAS;4894;31;;;;;4899;4;4900;2;4901;29;4896.5;-778.5703
-1;11200;BANANAS;4894;29;;;;;4901;29;;;;;4897.5;-779.10156
-1;11200;PEARLS;10002;1;9996;1;9995;28;10004;1;10005;28;;;10003.0;134.0
-1;11300;BANANAS;4898;1;4894;27;;;4900;1;4901;26;;;4899.0;-770.5781
-1;11300;PEARLS;9996;1;9995;26;;;10004;1;10005;26;;;10000.0;136.0
-1;11400;PEARLS;9998;2;9996;1;9995;23;10004;1;10005;23;;;10001.0;136.0
-1;11400;BANANAS;4895;3;4894;24;;;4900;1;4901;23;;;4897.5;-812.33594
-1;11500;BANANAS;4894;2;4893;28;;;4900;29;;;;;4897.0;-806.6719
-1;11500;PEARLS;9998;1;9996;1;9995;28;10004;1;10005;28;;;10001.0;136.0
-1;11600;BANANAS;4892;26;;;;;4899;26;;;;;4895.5;-802.3047
-1;11600;PEARLS;9995;26;;;;;10005;26;;;;;10000.0;136.0
-1;11700;BANANAS;4893;22;;;;;4899;1;4900;21;;;4896.0;-804.9922
-1;11700;PEARLS;9996;1;9995;21;;;10004;1;10005;21;;;10000.0;136.0
-1;11800;PEARLS;9995;21;;;;;10005;21;;;;;10000.0;136.0
-1;11800;BANANAS;4893;21;;;;;4900;21;;;;;4896.5;-805.84375
-1;11900;BANANAS;4893;25;;;;;4900;25;;;;;4896.5;-794.84375
-1;11900;PEARLS;9995;25;;;;;10005;25;;;;;10000.0;136.0
-1;12000;BANANAS;4893;25;;;;;4900;25;;;;;4896.5;-789.09375
-1;12000;PEARLS;9995;25;;;;;10005;25;;;;;10000.0;136.0
-1;12100;BANANAS;4894;2;4893;20;;;4898;4;4900;22;;;4896.0;-777.2969
-1;12100;PEARLS;9996;2;9995;20;;;10002;3;10004;2;10005;20;9999.0;136.0
-1;12200;PEARLS;9998;10;9996;2;9995;26;10004;2;10005;26;;;10001.0;136.0
-1;12200;BANANAS;4894;12;4893;26;;;4900;28;;;;;4897.0;-785.96875
-1;12300;BANANAS;4893;24;;;;;4900;24;;;;;4896.5;-782.46875
-1;12300;PEARLS;9996;1;9995;23;;;10000;5;10004;1;10005;23;9998.0;136.0
-1;12400;BANANAS;4893;30;;;;;4899;1;4900;29;;;4896.0;-780.03906
-1;12400;PEARLS;9996;1;9995;29;;;10004;1;10005;29;;;10000.0;136.0
-1;12500;BANANAS;4892;31;;;;;4899;31;;;;;4895.5;-780.10156
-1;12500;PEARLS;10002;5;9996;2;9995;29;10004;2;10005;29;;;10003.0;136.0
-1;12600;PEARLS;9998;5;9996;1;9995;30;10004;1;10005;30;;;10001.0;146.0
-1;12600;BANANAS;4893;5;4892;31;;;4898;1;4899;30;;;4895.5;-776.4453
-1;12700;BANANAS;4892;31;;;;;4899;31;;;;;4895.5;-784.90625
-1;12700;PEARLS;9996;2;9995;29;;;10004;2;10005;29;;;10000.0;146.0
-1;12800;BANANAS;4892;31;;;;;4896;3;4898;31;;;4894.0;-787.64844
-1;12800;PEARLS;9996;1;9995;30;;;10002;3;10004;1;10005;30;9999.0;146.0
-1;12900;BANANAS;4892;24;;;;;4899;24;;;;;4895.5;-639.8828
-1;12900;PEARLS;9995;24;;;;;10005;24;;;;;10000.0;146.0
-1;13000;PEARLS;9995;27;;;;;10005;27;;;;;10000.0;146.0
-1;13000;BANANAS;4892;27;;;;;4899;27;;;;;4895.5;-638.3672
-1;13100;BANANAS;4892;30;;;;;4899;30;;;;;4895.5;-641.4375
-1;13100;PEARLS;9996;2;9995;28;;;10004;2;10005;28;;;10000.0;146.0
-1;13200;BANANAS;4892;28;;;;;4899;28;;;;;4895.5;-637.4453
-1;13200;PEARLS;9995;28;;;;;10005;28;;;;;10000.0;146.0
-1;13300;BANANAS;4898;1;4893;2;4892;26;4899;28;;;;;4898.5;-641.0625
-1;13300;PEARLS;9996;2;9995;26;;;10004;2;10005;26;;;10000.0;146.0
-1;13400;PEARLS;10002;1;9996;1;9995;25;10004;1;10005;25;;;10003.0;146.0
-1;13400;BANANAS;4893;26;;;;;4900;26;;;;;4896.5;-690.97656
-1;13500;BANANAS;4896;4;4893;30;;;4898;9;4900;30;;;4897.0;-696.4531
-1;13500;PEARLS;9996;1;9995;29;;;10002;9;10004;1;10005;29;9999.0;148.0
-1;13600;BANANAS;4893;25;;;;;4899;2;4900;23;;;4896.0;-692.7578
-1;13600;PEARLS;9996;2;9995;23;;;10004;2;10005;23;;;10000.0;148.0
-1;13700;BANANAS;4896;5;4893;30;;;4897;7;4899;30;;;4896.5;-693.46875
-1;13700;PEARLS;10000;2;9996;2;9995;28;10002;7;10004;2;10005;28;10001.0;148.0
-1;13800;PEARLS;9996;1;9995;24;;;10004;1;10005;24;;;10000.0;148.0
-1;13800;BANANAS;4893;25;;;;;4899;1;4900;24;;;4896.0;-678.9844
-1;13900;BANANAS;4893;20;;;;;4898;2;4900;20;;;4895.5;-670.28906
-1;13900;PEARLS;9995;20;;;;;10002;2;10005;20;;;9998.5;148.0
-1;14000;BANANAS;4899;1;4894;27;;;4900;27;;;;;4899.5;-670.4219
-1;14000;PEARLS;9996;1;9995;26;;;10004;1;10005;26;;;10000.0;148.0
-1;14100;BANANAS;4894;2;4893;22;;;4900;24;;;;;4897.0;-710.8906
-1;14100;PEARLS;10000;3;9996;2;9995;22;10004;2;10005;22;;;10002.0;148.0
-1;14200;BANANAS;4894;2;4893;22;;;4900;24;;;;;4897.0;-709.8906
-1;14200;PEARLS;9996;2;9995;22;;;10004;2;10005;22;;;10000.0;148.0
-1;14300;PEARLS;9996;2;9995;28;;;10004;2;10005;28;;;10000.0;148.0
-1;14300;BANANAS;4894;30;;;;;4900;30;;;;;4897.0;-721.5469
-1;14400;BANANAS;4895;9;4894;23;;;4901;23;;;;;4898.0;-716.2656
-1;14400;PEARLS;9998;9;9996;1;9995;22;10004;1;10005;22;;;10001.0;148.0
-1;14500;BANANAS;4893;23;;;;;4894;1;4900;23;;;4893.5;-722.0703
-1;14500;PEARLS;9996;1;9995;22;;;10000;2;10004;1;10005;22;9998.0;148.0
-1;14600;PEARLS;9995;21;;;;;10002;3;10005;21;;;9998.5;148.0
-1;14600;BANANAS;4893;21;;;;;4898;3;4900;21;;;4895.5;-665.2344
-1;14700;PEARLS;9998;5;9996;2;9995;24;10004;2;10005;24;;;10001.0;148.0
-1;14700;BANANAS;4894;5;4893;26;;;4900;26;;;;;4897.0;-664.8047
-1;14800;PEARLS;9996;2;9995;21;;;10004;2;10005;21;;;10000.0;148.0
-1;14800;BANANAS;4894;1;4893;21;;;4900;23;;;;;4897.0;-667.27344
-1;14900;BANANAS;4893;30;;;;;4898;8;4900;30;;;4895.5;-665.3203
-1;14900;PEARLS;9996;2;9995;28;;;10002;8;10004;2;10005;28;9999.0;148.0
-1;15000;PEARLS;9996;1;9995;22;;;10004;1;10005;22;;;10000.0;148.0
-1;15000;BANANAS;4893;23;;;;;4894;1;4900;23;;;4893.5;-661.90625
-1;15100;PEARLS;10002;1;9996;1;9995;25;10004;1;10005;25;;;10003.0;148.0
-1;15100;BANANAS;4899;1;4894;26;;;4900;1;4901;25;;;4899.5;-615.3672
-1;15200;PEARLS;9998;3;9996;2;9995;23;10000;4;10004;2;10005;23;9999.0;148.0
-1;15200;BANANAS;4896;3;4894;5;4893;23;4900;25;;;;;4898.0;-669.8594
-1;15300;BANANAS;4894;3;4893;24;;;4900;24;;;;;4897.0;-662.03906
-1;15300;PEARLS;9998;3;9996;2;9995;22;10004;2;10005;22;;;10001.0;148.0
-1;15400;PEARLS;9996;2;9995;24;;;10002;4;10004;2;10005;24;9999.0;148.0
-1;15400;BANANAS;4893;26;;;;;4897;4;4899;26;;;4895.0;-658.6797
-1;15500;PEARLS;9998;5;9995;20;;;10005;20;;;;;10001.5;148.0
-1;15500;BANANAS;4898;1;4893;5;4892;20;4899;20;;;;;4898.5;-660.9531
-1;15600;PEARLS;9996;1;9995;23;;;10004;1;10005;23;;;10000.0;148.0
-1;15600;BANANAS;4892;24;;;;;4899;24;;;;;4895.5;-717.9297
-1;15700;PEARLS;9996;2;9995;20;;;10004;2;10005;20;;;10000.0;148.0
-1;15700;BANANAS;4892;22;;;;;4899;22;;;;;4895.5;-731.08594
-1;15800;BANANAS;4893;9;4892;26;;;4899;26;;;;;4896.0;-729.8047
-1;15800;PEARLS;9998;5;9996;2;9995;24;10004;2;10005;24;;;10001.0;148.0
-1;15900;PEARLS;9998;10;9995;27;;;10005;27;;;;;10001.5;148.0
-1;15900;BANANAS;4893;10;4892;27;;;4899;27;;;;;4896.0;-736.71094
-1;16000;PEARLS;9996;2;9995;25;;;10002;7;10004;2;10005;25;9999.0;148.0
-1;16000;BANANAS;4892;27;;;;;4897;7;4899;27;;;4894.5;-744.8125
-1;16100;PEARLS;9998;4;9995;29;;;10005;29;;;;;10001.5;148.0
-1;16100;BANANAS;4894;4;4893;29;;;4900;29;;;;;4897.0;-741.0078
-1;16200;BANANAS;4893;21;;;;;4894;1;4900;21;;;4893.5;-740.875
-1;16200;PEARLS;9995;21;;;;;10005;21;;;;;10000.0;148.0
-1;16300;PEARLS;9996;2;9995;29;;;10002;2;10004;2;10005;29;9999.0;148.0
-1;16300;BANANAS;4893;2;4892;29;;;4897;2;4899;31;;;4895.0;-684.0156
-1;16400;PEARLS;9996;2;9995;22;;;9998;1;10004;2;10005;22;9997.0;148.0
-1;16400;BANANAS;4893;24;;;;;4899;2;4900;22;;;4896.0;-688.1719
-1;16500;PEARLS;9996;2;9995;25;;;10004;2;10005;25;;;10000.0;150.0
-1;16500;BANANAS;4893;27;;;;;4900;27;;;;;4896.5;-686.9219
-1;16600;BANANAS;4893;25;;;;;4899;2;4900;23;;;4896.0;-690.1875
-1;16600;PEARLS;9996;2;9995;23;;;10004;2;10005;23;;;10000.0;150.0
-1;16700;PEARLS;10002;3;9996;1;9995;23;10004;1;10005;23;;;10003.0;150.0
-1;16700;BANANAS;4893;23;;;;;4900;24;;;;;4896.5;-685.6328
-1;16800;PEARLS;9996;2;9995;30;;;10002;5;10004;2;10005;30;9999.0;152.0
-1;16800;BANANAS;4893;32;;;;;4898;5;4900;32;;;4895.5;-679.10156
-1;16900;PEARLS;9996;1;9995;23;;;10004;1;10005;23;;;10000.0;152.0
-1;16900;BANANAS;4894;1;4893;23;;;4900;24;;;;;4897.0;-680.2031
-1;17000;BANANAS;4893;23;;;;;4900;23;;;;;4896.5;-679.4453
-1;17000;PEARLS;9995;23;;;;;10005;23;;;;;10000.0;152.0
-1;17100;PEARLS;9998;6;9996;1;9995;30;10004;1;10005;30;;;10001.0;152.0
-1;17100;BANANAS;4894;6;4893;30;;;4900;31;;;;;4897.0;-688.91406
-1;17200;PEARLS;9998;6;9996;2;9995;24;10004;2;10005;24;;;10001.0;152.0
-1;17200;BANANAS;4894;6;4893;26;;;4900;26;;;;;4897.0;-692.4844
-1;17300;PEARLS;9995;28;;;;;9998;1;10002;3;10005;28;9996.5;152.0
-1;17300;BANANAS;4894;28;;;;;4895;2;4898;3;4900;28;4894.5;-700.71094
-1;17400;BANANAS;4893;25;;;;;4900;25;;;;;4896.5;-597.5781
-1;17400;PEARLS;9996;1;9995;24;;;10004;1;10005;24;;;10000.0;154.0
-1;17500;PEARLS;9996;1;9995;23;;;10004;1;10005;23;;;10000.0;154.0
-1;17500;BANANAS;4899;11;4894;24;;;4900;1;4901;23;;;4899.5;-602.27344
-1;17600;PEARLS;9995;27;;;;;10005;27;;;;;10000.0;154.0
-1;17600;BANANAS;4894;27;;;;;4901;27;;;;;4897.5;-938.0625
-1;17700;PEARLS;9996;1;9995;23;;;10004;1;10005;23;;;10000.0;154.0
-1;17700;BANANAS;4894;24;;;;;4901;24;;;;;4897.5;-931.72656
-1;17800;BANANAS;4894;23;;;;;4901;23;;;;;4897.5;-925.34375
-1;17800;PEARLS;9995;23;;;;;10005;23;;;;;10000.0;154.0
-1;17900;PEARLS;9998;8;9996;1;9995;29;10004;1;10005;29;;;10001.0;154.0
-1;17900;BANANAS;4895;9;4894;29;;;4901;30;;;;;4898.0;-924.5
-1;18000;PEARLS;9998;7;9996;2;9995;26;10004;2;10005;26;;;10001.0;154.0
-1;18000;BANANAS;4896;7;4895;28;;;4901;28;;;;;4898.5;-926.21094
-1;18100;PEARLS;9995;21;;;;;10005;21;;;;;10000.0;154.0
-1;18100;BANANAS;4895;21;;;;;4902;21;;;;;4898.5;-932.3828
-1;18200;BANANAS;4900;1;4895;1;4894;23;4901;24;;;;;4900.5;-933.7578
-1;18200;PEARLS;9996;1;9995;23;;;10004;1;10005;23;;;10000.0;154.0
-1;18300;PEARLS;9996;2;9995;27;;;10004;2;10005;27;;;10000.0;154.0
-1;18300;BANANAS;4894;29;;;;;4901;29;;;;;4897.5;-915.58594
-1;18400;PEARLS;9996;1;9995;29;;;10004;1;10005;29;;;10000.0;154.0
-1;18400;BANANAS;4894;30;;;;;4900;1;4901;29;;;4897.0;-928.5547
-1;18500;PEARLS;9998;3;9996;2;9995;30;10004;2;10005;30;;;10001.0;154.0
-1;18500;BANANAS;4894;5;4893;30;;;4900;32;;;;;4897.0;-928.3203
-1;18600;BANANAS;4894;1;4893;30;;;4898;10;4900;31;;;4896.0;-930.7422
-1;18600;PEARLS;9996;1;9995;30;;;10002;9;10004;1;10005;30;9999.0;154.0
-1;18700;BANANAS;4894;27;;;;;4900;2;4901;25;;;4897.0;-927.9531
-1;18700;PEARLS;10002;9;9996;2;9995;25;10004;2;10005;25;;;10003.0;154.0
-1;18800;PEARLS;9996;2;9995;22;;;10004;2;10005;22;;;10000.0;156.0
-1;18800;BANANAS;4895;24;;;;;4901;24;;;;;4898.0;-935.47656
-1;18900;BANANAS;4894;28;;;;;4901;28;;;;;4897.5;-940.96875
-1;18900;PEARLS;9996;1;9995;27;;;10004;1;10005;27;;;10000.0;156.0
-1;19000;BANANAS;4894;24;;;;;4899;7;4901;25;;;4896.5;-931.4453
-1;19000;PEARLS;9995;25;;;;;10002;7;10005;25;;;9998.5;156.0
-1;19100;PEARLS;9996;1;9995;28;;;10000;5;10004;1;10005;28;9998.0;156.0
-1;19100;BANANAS;4894;29;;;;;4900;1;4901;28;;;4897.0;-929.0781
-1;19200;PEARLS;9996;1;9995;28;;;10002;7;10004;1;10005;28;9999.0;156.0
-1;19200;BANANAS;4894;29;;;;;4899;7;4900;1;4901;28;4896.5;-934.4531
-1;19300;PEARLS;9996;2;9995;30;;;10004;2;10005;30;;;10000.0;156.0
-1;19300;BANANAS;4894;2;4893;30;;;4900;32;;;;;4897.0;-939.9844
-1;19400;BANANAS;4894;21;;;;;4899;3;4900;1;4901;20;4896.5;-950.08594
-1;19400;PEARLS;9996;1;9995;20;;;10002;3;10004;1;10005;20;9999.0;156.0
-1;19500;PEARLS;9996;2;9995;20;;;10004;2;10005;20;;;10000.0;156.0
-1;19500;BANANAS;4894;22;;;;;4900;2;4901;20;;;4897.0;-948.1875
-1;19600;PEARLS;9996;2;9995;29;;;10004;2;10005;29;;;10000.0;156.0
-1;19600;BANANAS;4894;31;;;;;4900;2;4901;29;;;4897.0;-950.7969
-1;19700;PEARLS;9996;1;9995;24;;;10002;2;10004;1;10005;24;9999.0;156.0
-1;19700;BANANAS;4894;1;4893;24;;;4898;2;4900;25;;;4896.0;-950.375
-1;19800;BANANAS;4893;20;;;;;4900;20;;;;;4896.5;-952.1094
-1;19800;PEARLS;10002;4;9995;20;;;10005;20;;;;;10003.5;156.0
-1;19900;PEARLS;9996;1;9995;27;;;10004;1;10005;27;;;10000.0;156.0
-1;19900;BANANAS;4893;28;;;;;4899;1;4900;27;;;4896.0;-949.0156
-1;20000;PEARLS;9996;1;9995;28;;;10002;4;10004;1;10005;28;9999.0;156.0
-1;20000;BANANAS;4893;29;;;;;4898;4;4899;1;4900;28;4895.5;-957.46094
-1;20100;PEARLS;9998;9;9996;2;9995;29;10004;2;10005;29;;;10001.0;156.0
-1;20100;BANANAS;4893;12;4892;29;;;4899;31;;;;;4896.0;-949.8906
-1;20200;BANANAS;4893;29;;;;;4900;29;;;;;4896.5;-951.6094
-1;20200;PEARLS;9995;29;;;;;10005;29;;;;;10000.0;156.0
-1;20300;BANANAS;4893;23;;;;;4899;23;;;;;4896.0;-943.9844
-1;20300;PEARLS;9996;2;9995;21;;;10004;2;10005;21;;;10000.0;156.0
-1;20400;PEARLS;9995;24;;;;;10005;24;;;;;10000.0;156.0
-1;20400;BANANAS;4892;24;;;;;4899;24;;;;;4895.5;-948.875
-1;20500;BANANAS;4892;30;;;;;4899;30;;;;;4895.5;-950.34375
-1;20500;PEARLS;9995;30;;;;;10005;30;;;;;10000.0;156.0
-1;20600;BANANAS;4892;23;;;;;4899;23;;;;;4895.5;-970.90625
-1;20600;PEARLS;9996;2;9995;21;;;10004;2;10005;21;;;10000.0;156.0
-1;20700;BANANAS;4892;31;;;;;4893;1;4897;6;4898;1;4892.5;-967.0
-1;20700;PEARLS;9996;1;9995;30;;;10002;6;10004;1;10005;30;9999.0;156.0
-1;20800;PEARLS;9996;2;9995;23;;;10004;2;10005;23;;;10000.0;156.0
-1;20800;BANANAS;4896;1;4891;25;;;4898;25;;;;;4897.0;-925.9844
-1;20900;BANANAS;4891;24;;;;;4898;24;;;;;4894.5;-923.66406
-1;20900;PEARLS;9996;1;9995;23;;;10004;1;10005;23;;;10000.0;156.0
-1;21000;BANANAS;4891;27;;;;;4892;3;4898;27;;;4891.5;-929.85156
-1;21000;PEARLS;9995;27;;;;;10005;27;;;;;10000.0;156.0
-1;21100;BANANAS;4891;3;4890;28;;;4897;30;;;;;4894.0;-757.08594
-1;21100;PEARLS;9998;1;9996;2;9995;28;10004;2;10005;28;;;10001.0;156.0
-1;21200;PEARLS;9995;23;;;;;10005;23;;;;;10000.0;156.0
-1;21200;BANANAS;4890;23;;;;;4897;23;;;;;4893.5;-750.0547
-1;21300;BANANAS;4891;28;;;;;4897;29;;;;;4894.0;-751.28125
-1;21300;PEARLS;9995;29;;;;;10005;29;;;;;10000.0;156.0
-1;21400;BANANAS;4891;30;;;;;4898;30;;;;;4894.5;-758.1797
-1;21400;PEARLS;9995;30;;;;;10005;30;;;;;10000.0;156.0
-1;21500;BANANAS;4896;4;4892;2;4891;22;4898;24;;;;;4897.0;-751.0547
-1;21500;PEARLS;9996;2;9995;22;;;10004;2;10005;22;;;10000.0;156.0
-1;21600;PEARLS;10002;1;9995;29;;;10005;29;;;;;10003.5;156.0
-1;21600;BANANAS;4895;2;4892;29;;;4899;29;;;;;4897.0;-759.6719
-1;21700;BANANAS;4892;31;;;;;4897;10;4899;31;;;4894.5;-750.6328
-1;21700;PEARLS;9996;1;9995;30;;;10002;10;10004;1;10005;30;9999.0;156.0
-1;21800;BANANAS;4893;6;4892;28;;;4899;29;;;;;4896.0;-753.78906
-1;21800;PEARLS;9998;6;9996;1;9995;28;10004;1;10005;28;;;10001.0;156.0
-1;21900;BANANAS;4893;2;4892;28;;;4899;30;;;;;4896.0;-748.7656
-1;21900;PEARLS;9996;2;9995;28;;;10004;2;10005;28;;;10000.0;156.0
-1;22000;PEARLS;9996;1;9995;23;;;10000;2;10004;1;10005;23;9998.0;156.0
-1;22000;BANANAS;4891;23;;;;;4898;24;;;;;4894.5;-743.9297
-1;22100;BANANAS;4892;24;;;;;4898;2;4899;23;;;4895.0;-748.9219
-1;22100;PEARLS;9996;2;9995;23;;;10004;2;10005;23;;;10000.0;156.0
-1;22200;BANANAS;4892;28;;;;;4897;4;4898;1;4899;27;4894.5;-754.7969
-1;22200;PEARLS;9996;1;9995;27;;;10002;4;10004;1;10005;27;9999.0;156.0
-1;22300;BANANAS;4892;30;;;;;4898;30;;;;;4895.0;-758.97656
-1;22300;PEARLS;9996;1;9995;29;;;10004;1;10005;29;;;10000.0;156.0
-1;22400;PEARLS;10002;2;9996;2;9995;24;10004;2;10005;24;;;10003.0;156.0
-1;22400;BANANAS;4891;26;;;;;4898;26;;;;;4894.5;-757.0078
-1;22500;BANANAS;4891;27;;;;;4898;27;;;;;4894.5;-760.1328
-1;22500;PEARLS;10002;6;9995;27;;;10005;27;;;;;10003.5;160.0
-1;22600;BANANAS;4891;27;;;;;4896;9;4897;1;4898;26;4893.5;-759.1953
-1;22600;PEARLS;9996;1;9995;26;;;10002;9;10004;1;10005;26;9999.0;160.0
-1;22700;BANANAS;4891;28;;;;;4898;28;;;;;4894.5;-262.78906
-1;22700;PEARLS;9995;28;;;;;10005;28;;;;;10000.0;160.0
-1;22800;PEARLS;9996;1;9995;29;;;9998;3;10004;1;10005;29;9997.0;160.0
-1;22800;BANANAS;4892;1;4891;29;;;4898;30;;;;;4895.0;-257.7539
-1;22900;BANANAS;4892;2;4891;24;;;4898;26;;;;;4895.0;-258.3789
-1;22900;PEARLS;9996;2;9995;24;;;9998;1;10004;2;10005;24;9997.0;166.0
-1;23000;BANANAS;4892;3;4891;26;;;4897;2;4898;24;;;4894.5;-261.72656
-1;23000;PEARLS;9998;3;9996;2;9995;24;10004;2;10005;24;;;10001.0;168.0
-1;23100;BANANAS;4891;24;;;;;4896;10;4897;1;4898;23;4893.5;-260.6953
-1;23100;PEARLS;9996;1;9995;23;;;10002;10;10004;1;10005;23;9999.0;168.0
-1;23200;BANANAS;4891;26;;;;;4896;10;4898;26;;;4893.5;294.02832
-1;23200;PEARLS;9995;26;;;;;9998;1;10002;10;10005;26;9996.5;168.0
-1;23300;PEARLS;9995;22;;;;;10005;22;;;;;10000.0;170.0
-1;23300;BANANAS;4891;22;;;;;4897;22;;;;;4894.0;842.3594
-1;23400;BANANAS;4892;6;4891;21;;;4898;21;;;;;4895.0;842.7461
-1;23400;PEARLS;9998;6;9995;21;;;10005;21;;;;;10001.5;170.0
-1;23500;BANANAS;4894;2;4891;28;;;4898;28;;;;;4896.0;841.02734
-1;23500;PEARLS;9996;2;9995;26;;;10004;2;10005;26;;;10000.0;170.0
-1;23600;PEARLS;9995;21;;;;;10002;6;10005;21;;;9998.5;170.0
-1;23600;BANANAS;4890;21;;;;;4895;3;4897;21;;;4892.5;845.0508
-1;23700;PEARLS;9995;24;;;;;10005;24;;;;;10000.0;170.0
-1;23700;BANANAS;4890;24;;;;;4897;24;;;;;4893.5;1006.33594
-1;23800;PEARLS;9996;2;9995;21;;;10004;2;10005;21;;;10000.0;170.0
-1;23800;BANANAS;4891;23;;;;;4897;2;4898;21;;;4894.0;1008.25
-1;23900;BANANAS;4896;1;4891;20;;;4897;20;;;;;4896.5;1004.25
-1;23900;PEARLS;9995;20;;;;;10005;20;;;;;10000.0;170.0
-1;24000;PEARLS;9996;1;9995;22;;;10002;6;10004;1;10005;22;9999.0;170.0
-1;24000;BANANAS;4891;1;4890;22;;;4895;6;4897;23;;;4893.0;994.96875
-1;24100;PEARLS;9996;2;9995;24;;;10004;2;10005;24;;;10000.0;170.0
-1;24100;BANANAS;4890;26;;;;;4897;26;;;;;4893.5;1206.3672
-1;24200;PEARLS;9998;4;9996;2;9995;25;10004;2;10005;25;;;10001.0;170.0
-1;24200;BANANAS;4896;1;4892;5;4891;27;4897;27;;;;;4896.5;1191.9453
-1;24300;BANANAS;4891;2;4890;21;;;4897;23;;;;;4894.0;1173.2188
-1;24300;PEARLS;10002;6;9996;2;9995;21;10004;2;10005;21;;;10003.0;170.0
-1;24400;PEARLS;9995;25;;;;;10005;25;;;;;10000.0;180.0
-1;24400;BANANAS;4890;25;;;;;4897;25;;;;;4893.5;1167.2031
-1;24500;PEARLS;9995;21;;;;;9998;2;10002;7;10005;21;9996.5;180.0
-1;24500;BANANAS;4894;4;4890;21;;;4895;7;4897;21;;;4894.5;1183.6719
-1;24600;PEARLS;9996;1;9995;26;;;10004;1;10005;26;;;10000.0;184.0
-1;24600;BANANAS;4890;27;;;;;4896;27;;;;;4893.0;1177.1953
-1;24700;PEARLS;9996;2;9995;20;;;10004;2;10005;20;;;10000.0;184.0
-1;24700;BANANAS;4890;22;;;;;4896;2;4897;20;;;4893.0;1179.1484
-1;24800;BANANAS;4889;28;;;;;4896;28;;;;;4892.5;1175.4297
-1;24800;PEARLS;9996;2;9995;26;;;10004;2;10005;26;;;10000.0;184.0
-1;24900;PEARLS;9998;5;9996;2;9995;28;10004;2;10005;28;;;10001.0;184.0
-1;24900;BANANAS;4890;7;4889;28;;;4896;30;;;;;4893.0;1165.5156
-1;25000;PEARLS;9996;1;9995;26;;;10002;1;10004;1;10005;26;9999.0;184.0
-1;25000;BANANAS;4889;27;;;;;4894;1;4896;27;;;4891.5;1167.8203
-1;25100;PEARLS;9995;23;;;;;10005;23;;;;;10000.0;184.0
-1;25100;BANANAS;4892;6;4889;23;;;4896;23;;;;;4894.0;1154.8828
-1;25200;BANANAS;4890;25;;;;;4896;26;;;;;4893.0;1163.0859
-1;25200;PEARLS;9996;2;9995;24;;;10004;2;10005;24;;;10000.0;184.0
-1;25300;PEARLS;9996;2;9995;24;;;10002;1;10004;2;10005;24;9999.0;184.0
-1;25300;BANANAS;4890;2;4889;24;;;4894;1;4896;26;;;4892.0;1155.1875
-1;25400;PEARLS;9998;2;9996;2;9995;30;10004;2;10005;30;;;10001.0;184.0
-1;25400;BANANAS;4890;2;4889;32;;;4896;32;;;;;4893.0;1168.3672
-1;25500;PEARLS;9998;3;9996;2;9995;23;10004;2;10005;23;;;10001.0;184.0
-1;25500;BANANAS;4890;3;4889;25;;;4896;25;;;;;4893.0;1175.1484
-1;25600;BANANAS;4894;1;4889;31;;;4895;31;;;;;4894.5;1177.0312
-1;25600;PEARLS;9996;1;9995;30;;;10004;1;10005;30;;;10000.0;184.0
-1;25700;PEARLS;9996;1;9995;22;;;10004;1;10005;22;;;10000.0;184.0
-1;25700;BANANAS;4889;23;;;;;4895;1;4896;22;;;4892.0;1176.0312
-1;25800;PEARLS;9996;1;9995;27;;;10004;1;10005;27;;;10000.0;184.0
-1;25800;BANANAS;4889;28;;;;;4895;28;;;;;4892.0;1173.6406
-1;25900;PEARLS;9995;28;;;;;10005;28;;;;;10000.0;184.0
-1;25900;BANANAS;4888;28;;;;;4895;28;;;;;4891.5;1171.9922
-1;26000;BANANAS;4888;24;;;;;4893;7;4895;24;;;4890.5;1174.4453
-1;26000;PEARLS;9995;24;;;;;10002;7;10005;24;;;9998.5;184.0
-1;26100;PEARLS;9995;25;;;;;10002;7;10005;25;;;9998.5;184.0
-1;26100;BANANAS;4888;25;;;;;4893;7;4895;25;;;4890.5;1179.0
-1;26200;PEARLS;9996;1;9995;25;;;10004;1;10005;25;;;10000.0;184.0
-1;26200;BANANAS;4888;26;;;;;4894;1;4895;25;;;4891.0;1180.6328
-1;26300;PEARLS;9995;24;;;;;10005;24;;;;;10000.0;184.0
-1;26300;BANANAS;4888;24;;;;;4895;24;;;;;4891.5;1177.7422
-1;26400;BANANAS;4888;28;;;;;4895;29;;;;;4891.5;1180.0859
-1;26400;PEARLS;10002;3;9995;29;;;10005;29;;;;;10003.5;184.0
-1;26500;PEARLS;9996;1;9995;23;;;10002;4;10004;1;10005;23;9999.0;188.0
-1;26500;BANANAS;4888;24;;;;;4893;3;4895;24;;;4890.5;1175.0
-1;26600;PEARLS;10002;3;9998;1;9996;1;10004;1;10005;21;;;10003.0;188.0
-1;26600;BANANAS;4889;1;4888;22;;;4894;1;4895;21;;;4891.5;1183.75
-1;26700;PEARLS;9995;24;;;;;10000;6;10005;24;;;9997.5;188.0
-1;26700;BANANAS;4888;24;;;;;4895;24;;;;;4891.5;1178.625
-1;26800;BANANAS;4888;24;;;;;4895;24;;;;;4891.5;1185.2422
-1;26800;PEARLS;9995;24;;;;;10005;24;;;;;10000.0;188.0
-1;26900;PEARLS;9995;27;;;;;9998;1;10002;5;10005;27;9996.5;188.0
-1;26900;BANANAS;4888;27;;;;;4893;5;4895;27;;;4890.5;1180.75
-1;27000;PEARLS;9996;1;9995;30;;;10002;7;10004;1;10005;30;9999.0;190.0
-1;27000;BANANAS;4889;31;;;;;4894;7;4895;31;;;4891.5;1184.9531
-1;27100;PEARLS;9996;2;9995;22;;;10002;7;10004;2;10005;22;9999.0;190.0
-1;27100;BANANAS;4889;2;4888;22;;;4893;7;4895;24;;;4891.0;1185.8203
-1;27200;BANANAS;4893;3;4890;2;4889;31;4895;31;;;;;4894.0;1188.5078
-1;27200;PEARLS;9998;2;9996;2;9995;29;10004;2;10005;29;;;10001.0;190.0
-1;27300;PEARLS;10000;5;9996;2;9995;25;10004;2;10005;25;;;10002.0;190.0
-1;27300;BANANAS;4889;27;;;;;4895;27;;;;;4892.0;1196.9141
-1;27400;PEARLS;9996;1;9995;24;;;10004;1;10005;24;;;10000.0;190.0
-1;27400;BANANAS;4889;25;;;;;4895;25;;;;;4892.0;1194.7734
-1;27500;BANANAS;4888;26;;;;;4890;1;4893;10;4895;26;4889.0;1189.0
-1;27500;PEARLS;9996;2;9995;24;;;10002;10;10004;2;10005;24;9999.0;190.0
-1;27600;BANANAS;4888;23;;;;;4895;23;;;;;4891.5;1188.7031
-1;27600;PEARLS;9996;1;9995;22;;;9998;1;10004;1;10005;22;9997.0;190.0
-1;27700;BANANAS;4888;26;;;;;4895;26;;;;;4891.5;1197.8984
-1;27700;PEARLS;9996;2;9995;24;;;10004;2;10005;24;;;10000.0;192.0
-1;27800;PEARLS;9995;28;;;;;10005;28;;;;;10000.0;192.0
-1;27800;BANANAS;4888;28;;;;;4895;28;;;;;4891.5;1214.8906
-1;27900;PEARLS;9996;1;9995;25;;;9998;4;10004;1;10005;25;9997.0;192.0
-1;27900;BANANAS;4888;26;;;;;4894;1;4895;25;;;4891.0;1211.4219
-1;28000;BANANAS;4888;24;;;;;4893;9;4894;24;;;4890.5;1196.0547
-1;28000;PEARLS;9995;24;;;;;10002;9;10005;24;;;9998.5;200.0
-1;28100;PEARLS;9995;22;;;;;10005;22;;;;;10000.0;200.0
-1;28100;BANANAS;4888;22;;;;;4895;22;;;;;4891.5;1189.3359
-1;28200;PEARLS;9996;1;9995;29;;;10004;1;10005;29;;;10000.0;200.0
-1;28200;BANANAS;4888;1;4887;29;;;4894;30;;;;;4891.0;1197.4062
-1;28300;PEARLS;9996;1;9995;23;;;10002;7;10004;1;10005;23;9999.0;200.0
-1;28300;BANANAS;4888;24;;;;;4892;7;4894;24;;;4890.0;1202.8047
-1;28400;BANANAS;4887;21;;;;;4892;9;4894;21;;;4889.5;1214.9531
-1;28400;PEARLS;9995;21;;;;;10002;9;10005;21;;;9998.5;200.0
-1;28500;PEARLS;9996;1;9995;30;;;10004;1;10005;30;;;10000.0;200.0
-1;28500;BANANAS;4892;1;4887;31;;;4894;31;;;;;4893.0;1222.3438
-1;28600;PEARLS;9998;7;9996;2;9995;29;10004;2;10005;29;;;10001.0;200.0
-1;28600;BANANAS;4888;6;4887;31;;;4894;31;;;;;4891.0;1237.5391
-1;28700;PEARLS;9996;1;9995;24;;;10004;1;10005;24;;;10000.0;200.0
-1;28700;BANANAS;4887;25;;;;;4893;1;4894;24;;;4890.0;1246.6094
-1;28800;BANANAS;4887;2;4886;20;;;4893;22;;;;;4890.0;1252.0938
-1;28800;PEARLS;9996;2;9995;20;;;10004;2;10005;20;;;10000.0;200.0
-1;28900;PEARLS;9995;22;;;;;10005;22;;;;;10000.0;200.0
-1;28900;BANANAS;4887;22;;;;;4894;22;;;;;4890.5;1268.5
-1;29000;PEARLS;9995;24;;;;;10005;24;;;;;10000.0;200.0
-1;29000;BANANAS;4887;24;;;;;4894;24;;;;;4890.5;1272.4062
-1;29100;BANANAS;4888;9;4887;31;;;4893;2;4894;29;;;4890.5;1274.8516
-1;29100;PEARLS;9998;9;9996;2;9995;29;10004;2;10005;29;;;10001.0;200.0
-1;29200;BANANAS;4887;20;;;;;4892;4;4894;20;;;4889.5;1284.2891
-1;29200;PEARLS;9995;20;;;;;10002;3;10005;20;;;9998.5;200.0
-1;29300;BANANAS;4887;25;;;;;4888;1;4894;25;;;4887.5;1274.8047
-1;29300;PEARLS;9995;25;;;;;10005;25;;;;;10000.0;200.0
-1;29400;PEARLS;9996;1;9995;23;;;10004;1;10005;23;;;10000.0;200.0
-1;29400;BANANAS;4892;4;4888;1;4887;23;4894;24;;;;;4893.0;1270.8281
-1;29500;BANANAS;4888;24;;;;;4894;24;;;;;4891.0;1266.8594
-1;29500;PEARLS;10002;1;9996;2;9995;22;10004;2;10005;22;;;10003.0;200.0
-1;29600;BANANAS;4887;20;;;;;4894;20;;;;;4890.5;1270.1172
-1;29600;PEARLS;9995;20;;;;;9998;1;10005;20;;;9996.5;202.0
-1;29700;BANANAS;4888;27;;;;;4894;27;;;;;4891.0;1272.4219
-1;29700;PEARLS;9996;1;9995;26;;;10004;1;10005;26;;;10000.0;204.0
-1;29800;PEARLS;9998;7;9996;1;9995;29;10004;1;10005;29;;;10001.0;204.0
-1;29800;BANANAS;4888;7;4887;30;;;4894;30;;;;;4891.0;1260.6875
-1;29900;BANANAS;4888;8;4887;27;;;4894;27;;;;;4891.0;1271.0781
-1;29900;PEARLS;9998;8;9996;1;9995;26;10000;2;10004;1;10005;26;9999.0;204.0
-1;30000;BANANAS;4887;21;;;;;4892;6;4894;21;;;4889.5;1276.2422
-1;30000;PEARLS;9996;1;9995;20;;;10002;7;10004;1;10005;20;9999.0;204.0
-1;30100;BANANAS;4887;22;;;;;4894;22;;;;;4890.5;1256.9688
-1;30100;PEARLS;9995;22;;;;;10000;5;10005;22;;;9997.5;204.0
-1;30200;PEARLS;9996;2;9995;22;;;10004;2;10005;22;;;10000.0;204.0
-1;30200;BANANAS;4887;24;;;;;4890;2;4894;24;;;4888.5;1261.3906
-1;30300;BANANAS;4888;2;4887;28;;;4892;7;4894;30;;;4890.0;1253.8281
-1;30300;PEARLS;9996;2;9995;28;;;10002;7;10004;2;10005;28;9999.0;204.0
-1;30400;BANANAS;4888;2;4887;21;;;4894;23;;;;;4891.0;1244.1562
-1;30400;PEARLS;9996;2;9995;21;;;10004;2;10005;21;;;10000.0;204.0
-1;30500;BANANAS;4887;29;;;;;4893;1;4894;28;;;4890.0;1236.3984
-1;30500;PEARLS;9996;1;9995;28;;;10004;1;10005;28;;;10000.0;204.0
-1;30600;PEARLS;9995;30;;;;;10005;30;;;;;10000.0;204.0
-1;30600;BANANAS;4886;30;;;;;4893;30;;;;;4889.5;1252.2578
-1;30700;BANANAS;4891;3;4887;23;;;4893;23;;;;;4892.0;1246.6875
-1;30700;PEARLS;9996;1;9995;22;;;10004;1;10005;22;;;10000.0;204.0
-1;30800;BANANAS;4887;29;;;;;4893;29;;;;;4890.0;1252.7812
-1;30800;PEARLS;9995;29;;;;;10005;29;;;;;10000.0;204.0
-1;30900;BANANAS;4887;2;4886;23;;;4893;23;;;;;4890.0;1255.1641
-1;30900;PEARLS;9998;2;9995;23;;;10005;23;;;;;10001.5;204.0
-1;31000;PEARLS;9995;20;;;;;10005;20;;;;;10000.0;204.0
-1;31000;BANANAS;4887;20;;;;;4894;20;;;;;4890.5;1274.6562
-1;31100;BANANAS;4887;22;;;;;4893;22;;;;;4890.0;1277.5781
-1;31100;PEARLS;9996;1;9995;21;;;10004;1;10005;21;;;10000.0;204.0
-1;31200;BANANAS;4887;1;4886;27;;;4893;29;;;;;4890.0;1273.2656
-1;31200;PEARLS;9996;2;9995;27;;;10004;2;10005;27;;;10000.0;204.0
-1;31300;BANANAS;4886;30;;;;;4893;30;;;;;4889.5;1281.125
-1;31300;PEARLS;9995;30;;;;;10005;30;;;;;10000.0;204.0
-1;31400;PEARLS;9996;2;9995;30;;;10004;2;10005;30;;;10000.0;204.0
-1;31400;BANANAS;4887;32;;;;;4894;32;;;;;4890.5;1294.0234
-1;31500;BANANAS;4887;23;;;;;4888;1;4894;23;;;4887.5;1295.625
-1;31500;PEARLS;9995;23;;;;;10005;23;;;;;10000.0;204.0
-1;31600;BANANAS;4889;2;4888;32;;;4894;32;;;;;4891.5;1303.9453
-1;31600;PEARLS;9998;2;9996;2;9995;30;10004;2;10005;30;;;10001.0;204.0
-1;31700;BANANAS;4887;29;;;;;4892;2;4894;29;;;4889.5;1296.875
-1;31700;PEARLS;9995;29;;;;;9998;4;10002;2;10005;29;9996.5;204.0
-1;31800;PEARLS;9995;21;;;;;10005;21;;;;;10000.0;212.0
-1;31800;BANANAS;4887;21;;;;;4894;21;;;;;4890.5;1286.9375
-1;31900;BANANAS;4888;11;4887;27;;;4894;29;;;;;4891.0;1295.625
-1;31900;PEARLS;9998;9;9996;2;9995;27;10004;2;10005;27;;;10001.0;212.0
-1;32000;BANANAS;4887;30;;;;;4893;30;;;;;4890.0;1295.6875
-1;32000;PEARLS;9996;1;9995;29;;;10000;3;10004;1;10005;29;9998.0;212.0
-1;32100;BANANAS;4887;31;;;;;4894;31;;;;;4890.5;1300.4062
-1;32100;PEARLS;9996;1;9995;30;;;10004;1;10005;30;;;10000.0;212.0
-1;32200;BANANAS;4887;1;4886;25;;;4891;6;4893;26;;;4889.0;1296.2578
-1;32200;PEARLS;9996;1;9995;25;;;10002;7;10004;1;10005;25;9999.0;212.0
-1;32300;PEARLS;9996;1;9995;25;;;10002;6;10004;1;10005;25;9999.0;212.0
-1;32300;BANANAS;4886;26;;;;;4891;7;4892;1;4893;25;4888.5;1289.1406
-1;32400;PEARLS;9996;2;9995;27;;;10002;1;10004;2;10005;27;9999.0;212.0
-1;32400;BANANAS;4886;1;4885;27;;;4890;1;4892;29;;;4888.0;1285.8281
-1;32500;BANANAS;4890;1;4885;25;;;4892;25;;;;;4891.0;1282.2656
-1;32500;PEARLS;9996;2;9995;23;;;10004;2;10005;23;;;10000.0;212.0
-1;32600;PEARLS;9995;30;;;;;10005;30;;;;;10000.0;212.0
-1;32600;BANANAS;4885;30;;;;;4892;30;;;;;4888.5;1279.9375
-1;32700;PEARLS;10002;1;9996;1;9995;26;10004;1;10005;26;;;10003.0;212.0
-1;32700;BANANAS;4886;27;;;;;4892;27;;;;;4889.0;1276.6797
-1;32800;PEARLS;9995;23;;;;;10005;23;;;;;10000.0;214.0
-1;32800;BANANAS;4885;23;;;;;4892;23;;;;;4888.5;1271.0
-1;32900;BANANAS;4886;1;4885;23;;;4890;1;4892;24;;;4888.0;1274.7031
-1;32900;PEARLS;9996;1;9995;23;;;10002;1;10004;1;10005;23;9999.0;214.0
-1;33000;PEARLS;10002;1;9996;1;9995;27;10004;1;10005;27;;;10003.0;214.0
-1;33000;BANANAS;4885;28;;;;;4892;28;;;;;4888.5;1267.4531
-1;33100;PEARLS;9995;24;;;;;10005;24;;;;;10000.0;216.0
-1;33100;BANANAS;4884;24;;;;;4891;24;;;;;4887.5;1247.25
-1;33200;PEARLS;9995;25;;;;;10002;9;10005;25;;;9998.5;216.0
-1;33200;BANANAS;4884;25;;;;;4889;9;4891;25;;;4886.5;1247.9375
-1;33300;BANANAS;4885;26;;;;;4890;7;4891;2;4892;24;4887.5;1258.0781
-1;33300;PEARLS;9996;2;9995;24;;;10002;7;10004;2;10005;24;9999.0;216.0
-1;33400;PEARLS;9995;27;;;;;10005;27;;;;;10000.0;216.0
-1;33400;BANANAS;4885;27;;;;;4892;27;;;;;4888.5;1265.4609
-1;33500;PEARLS;9998;10;9995;25;;;10005;25;;;;;10001.5;216.0
-1;33500;BANANAS;4886;10;4885;25;;;4892;25;;;;;4889.0;1271.4062
-1;33600;PEARLS;9995;27;;;;;10005;27;;;;;10000.0;216.0
-1;33600;BANANAS;4884;27;;;;;4885;1;4891;27;;;4884.5;1267.5703
-1;33700;PEARLS;9998;7;9996;1;9995;22;10004;1;10005;22;;;10001.0;216.0
-1;33700;BANANAS;4885;2;4884;22;;;4891;23;;;;;4888.0;1259.2344
-1;33800;BANANAS;4884;26;;;;;4891;26;;;;;4887.5;1247.0625
-1;33800;PEARLS;10002;1;9995;26;;;10005;26;;;;;10003.5;216.0
-1;33900;PEARLS;9995;24;;;;;10005;24;;;;;10000.0;218.0
-1;33900;BANANAS;4884;24;;;;;4891;24;;;;;4887.5;1246.7188
-1;34000;PEARLS;10002;1;9996;1;9995;24;10004;1;10005;24;;;10003.0;218.0
-1;34000;BANANAS;4889;1;4885;1;4884;24;4891;25;;;;;4890.0;1245.5
-1;34100;PEARLS;9996;1;9995;26;;;10004;1;10005;26;;;10000.0;220.0
-1;34100;BANANAS;4884;26;;;;;4885;7;4891;27;;;4884.5;1252.9844
-1;34200;BANANAS;4885;1;4884;26;;;4891;27;;;;;4888.0;1264.5312
-1;34200;PEARLS;9996;1;9995;26;;;10004;1;10005;26;;;10000.0;220.0
-1;34300;PEARLS;9996;2;9995;20;;;10004;2;10005;20;;;10000.0;220.0
-1;34300;BANANAS;4885;1;4884;20;;;4891;22;;;;;4888.0;1254.4375
-1;34400;PEARLS;9996;2;9995;23;;;10004;2;10005;23;;;10000.0;220.0
-1;34400;BANANAS;4884;24;;;;;4890;2;4891;23;;;4887.0;1251.6406
-1;34500;PEARLS;9995;25;;;;;10002;2;10005;25;;;9998.5;220.0
-1;34500;BANANAS;4884;25;;;;;4889;2;4891;25;;;4886.5;1245.6641
-1;34600;BANANAS;4884;22;;;;;4891;22;;;;;4887.5;1248.5781
-1;34600;PEARLS;9995;22;;;;;10005;22;;;;;10000.0;220.0
-1;34700;PEARLS;9995;29;;;;;9998;5;10005;29;;;9996.5;220.0
-1;34700;BANANAS;4884;29;;;;;4891;29;;;;;4887.5;1252.1172
-1;34800;PEARLS;10002;1;10000;2;9995;24;10005;24;;;;;10003.5;230.0
-1;34800;BANANAS;4884;24;;;;;4887;6;4891;24;;;4885.5;1250.7656
-1;34900;PEARLS;9996;2;9995;22;;;10004;2;10005;22;;;10000.0;232.0
-1;34900;BANANAS;4884;23;;;;;4891;24;;;;;4887.5;1256.3203
-1;35000;BANANAS;4885;2;4884;20;;;4889;10;4891;22;;;4887.0;1250.5547
-1;35000;PEARLS;9996;2;9995;20;;;10002;10;10004;2;10005;20;9999.0;232.0
-1;35100;PEARLS;9996;1;9995;25;;;10004;1;10005;25;;;10000.0;232.0
-1;35100;BANANAS;4884;26;;;;;4890;26;;;;;4887.0;1261.9531
-1;35200;PEARLS;9995;24;;;;;10005;24;;;;;10000.0;232.0
-1;35200;BANANAS;4883;24;;;;;4884;1;4890;24;;;4883.5;1269.3672
-1;35300;PEARLS;9998;9;9995;24;;;10005;24;;;;;10001.5;232.0
-1;35300;BANANAS;4884;9;4883;24;;;4890;24;;;;;4887.0;1279.1016
-1;35400;BANANAS;4883;22;;;;;4890;22;;;;;4886.5;1288.5312
-1;35400;PEARLS;9995;22;;;;;10005;22;;;;;10000.0;232.0
-1;35500;PEARLS;10002;5;9995;25;;;10005;25;;;;;10003.5;232.0
-1;35500;BANANAS;4883;24;;;;;4890;25;;;;;4886.5;1288.7344
-1;35600;PEARLS;9998;10;9996;1;9995;26;10004;1;10005;26;;;10001.0;242.0
-1;35600;BANANAS;4884;9;4883;27;;;4889;27;;;;;4886.5;1270.9297
-1;35700;PEARLS;10002;1;9996;1;9995;26;10004;1;10005;26;;;10003.0;242.0
-1;35700;BANANAS;4883;27;;;;;4888;1;4889;1;4890;26;4885.5;1288.6875
-1;35800;BANANAS;4883;30;;;;;4889;30;;;;;4886.0;1278.4688
-1;35800;PEARLS;9996;2;9995;28;;;10004;2;10005;28;;;10000.0;244.0
-1;35900;PEARLS;9996;1;9995;29;;;10002;3;10004;1;10005;29;9999.0;244.0
-1;35900;BANANAS;4883;30;;;;;4884;4;4887;3;4889;30;4883.5;1274.1797
-1;36000;PEARLS;9995;28;;;;;9998;1;10005;28;;;9996.5;244.0
-1;36000;BANANAS;4883;28;;;;;4890;28;;;;;4886.5;1286.4531
-1;36100;PEARLS;9995;26;;;;;9998;4;10005;26;;;9996.5;246.0
-1;36100;BANANAS;4883;26;;;;;4890;26;;;;;4886.5;1287.7969
-1;36200;BANANAS;4884;30;;;;;4889;3;4890;1;4891;29;4886.5;1289.0703
-1;36200;PEARLS;9996;1;9995;29;;;10002;3;10004;1;10005;29;9999.0;254.0
-1;36300;PEARLS;9995;22;;;;;9998;1;10005;22;;;9996.5;254.0
-1;36300;BANANAS;4884;21;;;;;4890;22;;;;;4887.0;1298.6406
-1;36400;PEARLS;9996;1;9995;27;;;10002;5;10004;1;10005;27;9999.0;256.0
-1;36400;BANANAS;4884;28;;;;;4888;5;4890;28;;;4886.0;1283.5859
-1;36500;BANANAS;4884;27;;;;;4889;10;4891;27;;;4886.5;1289.8906
-1;36500;PEARLS;9996;1;9995;26;;;10002;10;10004;1;10005;26;9999.0;256.0
-1;36600;BANANAS;4885;1;4884;21;;;4891;21;;;;;4888.0;1276.4688
-1;36600;PEARLS;10002;4;9998;1;9995;21;10005;21;;;;;10003.5;256.0
-1;36700;BANANAS;4889;11;4884;30;;;4891;30;;;;;4890.0;1273.5312
-1;36700;PEARLS;10002;1;9995;30;;;10005;30;;;;;10003.5;264.0
-1;36800;PEARLS;10002;1;9996;1;9995;26;10004;1;10005;26;;;10003.0;266.0
-1;36800;BANANAS;4884;27;;;;;4887;2;4891;27;;;4885.5;1284.9297
-1;36900;PEARLS;9996;2;9995;29;;;10002;3;10004;2;10005;29;9999.0;268.0
-1;36900;BANANAS;4884;31;;;;;4889;3;4890;2;4891;29;4886.5;1288.1641
-1;37000;BANANAS;4886;2;4884;4;4883;23;4890;23;;;;;4888.0;1290.9219
-1;37000;PEARLS;9998;4;9995;23;;;10005;23;;;;;10001.5;268.0
-1;37100;PEARLS;9996;1;9995;23;;;10004;1;10005;23;;;10000.0;268.0
-1;37100;BANANAS;4889;1;4884;24;;;4890;1;4891;23;;;4889.5;1281.3438
-1;37200;PEARLS;9998;2;9995;22;;;10005;22;;;;;10001.5;268.0
-1;37200;BANANAS;4885;3;4884;22;;;4891;22;;;;;4888.0;1283.1094
-1;37300;PEARLS;10002;5;9995;27;;;10005;27;;;;;10003.5;268.0
-1;37300;BANANAS;4883;27;;;;;4888;7;4890;27;;;4885.5;1277.5312
-1;37400;BANANAS;4883;23;;;;;4889;23;;;;;4886.0;1272.2969
-1;37400;PEARLS;9996;1;9995;22;;;10004;1;10005;22;;;10000.0;278.0
-1;37500;PEARLS;10002;1;9998;2;9995;29;10005;29;;;;;10003.5;278.0
-1;37500;BANANAS;4888;1;4883;2;4882;29;4889;29;;;;;4888.5;1281.4453
-1;37600;PEARLS;9996;2;9995;24;;;10004;2;10005;24;;;10000.0;280.0
-1;37600;BANANAS;4883;26;;;;;4889;2;4890;24;;;4886.0;1280.6719
-1;37700;PEARLS;9996;1;9995;28;;;10004;1;10005;28;;;10000.0;280.0
-1;37700;BANANAS;4888;1;4883;29;;;4889;1;4890;28;;;4888.5;1284.0234
-1;37800;BANANAS;4883;29;;;;;4889;2;4890;27;;;4886.0;1280.6562
-1;37800;PEARLS;9996;2;9995;27;;;10004;2;10005;27;;;10000.0;280.0
-1;37900;BANANAS;4882;29;;;;;4884;2;4889;29;;;4883.0;1288.2734
-1;37900;PEARLS;9996;2;9995;27;;;10000;3;10004;2;10005;27;9998.0;280.0
-1;38000;PEARLS;9995;25;;;;;10002;5;10005;25;;;9998.5;280.0
-1;38000;BANANAS;4882;25;;;;;4887;5;4889;25;;;4884.5;1275.375
-1;38100;BANANAS;4883;27;;;;;4890;28;;;;;4886.5;1265.5078
-1;38100;PEARLS;9995;28;;;;;10005;28;;;;;10000.0;280.0
-1;38200;BANANAS;4884;5;4883;23;;;4890;23;;;;;4887.0;1263.5625
-1;38200;PEARLS;9995;23;;;;;9998;2;10005;23;;;9996.5;280.0
-1;38300;BANANAS;4883;27;;;;;4890;27;;;;;4886.5;1250.75
-1;38300;PEARLS;9996;1;9995;26;;;10004;1;10005;26;;;10000.0;284.0
-1;38400;PEARLS;10002;1;9995;21;;;10005;21;;;;;10003.5;284.0
-1;38400;BANANAS;4883;20;;;;;4890;21;;;;;4886.5;1252.3281
-1;38500;BANANAS;4888;1;4883;25;;;4889;2;4890;23;;;4888.5;1255.7812
-1;38500;PEARLS;10002;1;9996;2;9995;23;10004;2;10005;23;;;10003.0;286.0
-1;38600;BANANAS;4883;27;;;;;4890;27;;;;;4886.5;1254.1094
-1;38600;PEARLS;10002;5;9995;27;;;10005;27;;;;;10003.5;288.0
-1;38700;BANANAS;4884;30;;;;;4890;1;4891;29;;;4887.0;1256.5234
-1;38700;PEARLS;9996;1;9995;29;;;10004;1;10005;29;;;10000.0;298.0
-1;38800;PEARLS;9995;27;;;;;10005;27;;;;;10000.0;298.0
-1;38800;BANANAS;4884;27;;;;;4891;27;;;;;4887.5;1256.9609
-1;38900;BANANAS;4884;26;;;;;4889;4;4891;26;;;4886.5;1275.7188
-1;38900;PEARLS;9996;1;9995;25;;;10004;1;10005;25;;;10000.0;298.0
-1;39000;BANANAS;4884;29;;;;;4890;29;;;;;4887.0;1280.3828
-1;39000;PEARLS;9995;29;;;;;10005;29;;;;;10000.0;298.0
-1;39100;BANANAS;4884;1;4883;29;;;4888;10;4890;30;;;4886.0;1267.7969
-1;39100;PEARLS;9996;1;9995;29;;;10002;10;10004;1;10005;29;9999.0;298.0
-1;39200;PEARLS;9995;24;;;;;10005;24;;;;;10000.0;298.0
-1;39200;BANANAS;4888;1;4883;24;;;4889;24;;;;;4888.5;1273.5859
-1;39300;BANANAS;4884;3;4883;27;;;4889;1;4890;26;;;4886.5;1261.5703
-1;39300;PEARLS;9998;3;9996;1;9995;26;10004;1;10005;26;;;10001.0;298.0
-1;39400;BANANAS;4884;29;;;;;4891;29;;;;;4887.5;1271.9922
-1;39400;PEARLS;9996;2;9995;27;;;10004;2;10005;27;;;10000.0;298.0
-1;39500;BANANAS;4884;22;;;;;4890;2;4891;20;;;4887.0;1284.6484
-1;39500;PEARLS;9996;2;9995;20;;;10004;2;10005;20;;;10000.0;298.0
-1;39600;PEARLS;9995;22;;;;;10005;22;;;;;10000.0;298.0
-1;39600;BANANAS;4884;22;;;;;4890;22;;;;;4887.0;1272.2812
-1;39700;BANANAS;4883;20;;;;;4890;20;;;;;4886.5;1271.4219
-1;39700;PEARLS;9995;20;;;;;10005;20;;;;;10000.0;298.0
-1;39800;BANANAS;4883;31;;;;;4888;3;4890;31;;;4885.5;1266.3984
-1;39800;PEARLS;9996;1;9995;30;;;10002;3;10004;1;10005;30;9999.0;298.0
-1;39900;BANANAS;4884;3;4883;30;;;4890;32;;;;;4887.0;1262.5078
-1;39900;PEARLS;9998;1;9996;2;9995;30;10004;2;10005;30;;;10001.0;298.0
-1;40000;PEARLS;9998;9;9996;1;9995;30;10004;1;10005;30;;;10001.0;298.0
-1;40000;BANANAS;4888;5;4884;9;4883;31;4890;31;;;;;4889.0;1256.2422
-1;40100;BANANAS;4883;27;;;;;4890;27;;;;;4886.5;1260.7656
-1;40100;PEARLS;10002;1;9995;27;;;10005;27;;;;;10003.5;298.0
-1;40200;BANANAS;4884;23;;;;;4889;7;4890;1;4891;22;4886.5;1262.7812
-1;40200;PEARLS;9996;1;9995;22;;;10002;7;10004;1;10005;22;9999.0;300.0
-1;40300;BANANAS;4884;25;;;;;4890;25;;;;;4887.0;1256.75
-1;40300;PEARLS;9996;1;9995;24;;;10000;4;10004;1;10005;24;9998.0;300.0
-1;40400;PEARLS;9996;1;9995;20;;;10002;10;10004;1;10005;20;9999.0;300.0
-1;40400;BANANAS;4884;21;;;;;4889;10;4891;21;;;4886.5;1237.4375
-1;40500;BANANAS;4884;24;;;;;4887;2;4891;24;;;4885.5;1236.2109
-1;40500;PEARLS;9995;24;;;;;10005;24;;;;;10000.0;300.0
-1;40600;BANANAS;4884;2;4883;24;;;4890;26;;;;;4887.0;1230.1719
-1;40600;PEARLS;9996;2;9995;24;;;9998;7;10004;2;10005;24;9997.0;300.0
-1;40700;BANANAS;4883;26;;;;;4890;26;;;;;4886.5;1246.1797
-1;40700;PEARLS;9996;2;9995;24;;;10004;2;10005;24;;;10000.0;314.0
-1;40800;PEARLS;9995;29;;;;;10005;29;;;;;10000.0;314.0
-1;40800;BANANAS;4883;29;;;;;4890;29;;;;;4886.5;1245.1094
-1;40900;PEARLS;9995;22;;;;;10005;22;;;;;10000.0;314.0
-1;40900;BANANAS;4883;22;;;;;4890;22;;;;;4886.5;1248.7656
-1;41000;BANANAS;4884;27;;;;;4886;4;4890;22;;;4885.0;1242.5938
-1;41000;PEARLS;9998;5;9995;22;;;10005;22;;;;;10001.5;314.0
-1;41100;BANANAS;4884;23;;;;;4890;1;4891;22;;;4887.0;1223.75
-1;41100;PEARLS;9996;1;9995;22;;;10004;1;10005;22;;;10000.0;314.0
-1;41200;BANANAS;4884;26;;;;;4891;26;;;;;4887.5;1221.9688
-1;41200;PEARLS;9996;1;9995;25;;;9998;8;10004;1;10005;25;9997.0;314.0
-1;41300;PEARLS;9996;1;9995;20;;;10000;6;10002;2;10004;1;9998.0;330.0
-1;41300;BANANAS;4884;21;;;;;4889;2;4891;21;;;4886.5;1207.6875
-1;41400;PEARLS;9995;23;;;;;10005;23;;;;;10000.0;330.0
-1;41400;BANANAS;4884;23;;;;;4885;1;4887;4;4891;23;4884.5;1216.8359
-1;41500;BANANAS;4886;6;4885;30;;;4892;30;;;;;4889.0;1220.1094
-1;41500;PEARLS;9998;5;9995;30;;;10005;30;;;;;10001.5;330.0
-1;41600;PEARLS;9996;1;9995;27;;;9998;5;10004;1;10005;27;9997.0;330.0
-1;41600;BANANAS;4885;1;4884;27;;;4891;28;;;;;4888.0;1233.9922
-1;41700;PEARLS;9995;20;;;;;10005;20;;;;;10000.0;338.0
-1;41700;BANANAS;4884;20;;;;;4891;20;;;;;4887.5;1230.2812
-1;41800;PEARLS;9996;2;9995;28;;;10002;3;10004;2;10005;28;9999.0;338.0
-1;41800;BANANAS;4885;30;;;;;4890;3;4891;2;4892;28;4887.5;1228.6562
-1;41900;BANANAS;4886;4;4885;30;;;4892;30;;;;;4889.0;1242.5469
-1;41900;PEARLS;9998;4;9996;2;9995;28;10004;2;10005;28;;;10001.0;338.0
-1;42000;PEARLS;9996;2;9995;28;;;10004;2;10005;28;;;10000.0;338.0
-1;42000;BANANAS;4886;30;;;;;4892;30;;;;;4889.0;1246.3984
-1;42100;PEARLS;9995;24;;;;;10005;24;;;;;10000.0;338.0
-1;42100;BANANAS;4886;24;;;;;4893;24;;;;;4889.5;1247.5156
-1;42200;PEARLS;9995;26;;;;;10002;4;10005;26;;;9998.5;338.0
-1;42200;BANANAS;4887;26;;;;;4892;4;4894;26;;;4889.5;1249.0547
-1;42300;BANANAS;4892;1;4887;24;;;4894;24;;;;;4893.0;1245.0312
-1;42300;PEARLS;10000;4;9995;24;;;10005;24;;;;;10002.5;338.0
-1;42400;BANANAS;4886;25;;;;;4893;25;;;;;4889.5;1237.3906
-1;42400;PEARLS;9996;1;9995;24;;;9998;5;10004;1;10005;24;9997.0;338.0
-1;42500;PEARLS;9996;2;9995;22;;;10004;2;10005;22;;;10000.0;338.0
-1;42500;BANANAS;4886;23;;;;;4893;24;;;;;4889.5;1236.75
-1;42600;PEARLS;9995;25;;;;;10002;10;10005;25;;;9998.5;338.0
-1;42600;BANANAS;4886;25;;;;;4890;10;4892;25;;;4888.0;1232.1016
-1;42700;PEARLS;9996;2;9995;20;;;10004;2;10005;20;;;10000.0;338.0
-1;42700;BANANAS;4886;21;;;;;4893;22;;;;;4889.5;1222.6875
-1;42800;BANANAS;4886;23;;;;;4892;23;;;;;4889.0;1217.3359
-1;42800;PEARLS;9995;23;;;;;10005;23;;;;;10000.0;338.0
-1;42900;PEARLS;9995;22;;;;;10005;22;;;;;10000.0;338.0
-1;42900;BANANAS;4885;22;;;;;4892;22;;;;;4888.5;1212.5156
-1;43000;PEARLS;10002;7;9996;1;9995;24;10004;1;10005;24;;;10003.0;338.0
-1;43000;BANANAS;4885;25;;;;;4891;1;4892;24;;;4888.0;1200.9844
-1;43100;PEARLS;9996;2;9995;23;;;10002;3;10004;2;10005;23;9999.0;352.0
-1;43100;BANANAS;4886;25;;;;;4890;3;4892;25;;;4888.0;1199.9922
-1;43200;BANANAS;4886;28;;;;;4892;1;4893;27;;;4889.0;1205.9766
-1;43200;PEARLS;9996;1;9995;27;;;10000;1;10004;1;10005;27;9998.0;352.0
-1;43300;PEARLS;9995;20;;;;;10005;20;;;;;10000.0;352.0
-1;43300;BANANAS;4887;20;;;;;4894;20;;;;;4890.5;1198.2656
-1;43400;PEARLS;9996;2;9995;27;;;10002;8;10004;2;10005;27;9999.0;352.0
-1;43400;BANANAS;4887;28;;;;;4892;8;4893;2;4894;27;4889.5;1200.1641
-1;43500;PEARLS;9996;1;9995;23;;;10002;10;10004;1;10005;23;9999.0;352.0
-1;43500;BANANAS;4887;24;;;;;4891;10;4893;24;;;4889.0;1196.0312
-1;43600;BANANAS;4886;21;;;;;4891;1;4893;21;;;4888.5;1189.4922
-1;43600;PEARLS;9995;21;;;;;10002;1;10005;21;;;9998.5;352.0
-1;43700;PEARLS;9996;2;9995;26;;;10004;2;10005;26;;;10000.0;352.0
-1;43700;BANANAS;4885;28;;;;;4892;28;;;;;4888.5;1189.9297
-1;43800;PEARLS;9995;25;;;;;9998;1;10005;25;;;9996.5;352.0
-1;43800;BANANAS;4886;25;;;;;4893;25;;;;;4889.5;1177.0312
-1;43900;PEARLS;9995;28;;;;;10005;28;;;;;10000.0;354.0
-1;43900;BANANAS;4886;28;;;;;4893;28;;;;;4889.5;1179.6172
-1;44000;BANANAS;4887;1;4886;25;;;4889;6;4893;26;;;4888.0;1175.2734
-1;44000;PEARLS;10002;4;9996;1;9995;25;10004;1;10005;25;;;10003.0;354.0
-1;44100;PEARLS;9996;2;9995;28;;;10004;2;10005;28;;;10000.0;362.0
-1;44100;BANANAS;4886;30;;;;;4887;1;4893;30;;;4886.5;1171.0312
-1;44200;PEARLS;9998;4;9996;2;9995;20;10004;2;10005;20;;;10001.0;362.0
-1;44200;BANANAS;4887;6;4886;20;;;4893;22;;;;;4890.0;1171.0859
-1;44300;PEARLS;9996;1;9995;24;;;10004;1;10005;24;;;10000.0;362.0
-1;44300;BANANAS;4887;25;;;;;4894;25;;;;;4890.5;1183.9453
-1;44400;BANANAS;4887;30;;;;;4893;1;4894;29;;;4890.0;1182.0625
-1;44400;PEARLS;9996;1;9995;29;;;10004;1;10005;29;;;10000.0;362.0
-1;44500;PEARLS;9996;1;9995;26;;;10004;1;10005;26;;;10000.0;362.0
-1;44500;BANANAS;4886;27;;;;;4893;27;;;;;4889.5;1186.1328
-1;44600;PEARLS;9995;23;;;;;10005;23;;;;;10000.0;362.0
-1;44600;BANANAS;4886;23;;;;;4893;23;;;;;4889.5;1181.2578
-1;44700;PEARLS;9996;1;9995;23;;;10002;9;10004;1;10005;23;9999.0;362.0
-1;44700;BANANAS;4886;24;;;;;4891;9;4893;24;;;4888.5;1172.4219
-1;44800;BANANAS;4887;24;;;;;4892;10;4893;2;4894;22;4889.5;1170.1875
-1;44800;PEARLS;9996;2;9995;22;;;10002;10;10004;2;10005;22;9999.0;362.0
-1;44900;PEARLS;9995;26;;;;;10002;6;10005;26;;;9998.5;362.0
-1;44900;BANANAS;4887;26;;;;;4892;6;4894;26;;;4889.5;1175.7891
-1;45000;PEARLS;9996;1;9995;26;;;10004;1;10005;26;;;10000.0;362.0
-1;45000;BANANAS;4887;27;;;;;4894;27;;;;;4890.5;1178.5859
-1;45100;PEARLS;9996;2;9995;25;;;9998;1;10004;2;10005;25;9997.0;362.0
-1;45100;BANANAS;4887;27;;;;;4894;27;;;;;4890.5;1176.5703
-1;45200;BANANAS;4888;27;;;;;4895;27;;;;;4891.5;1187.3906
-1;45200;PEARLS;9995;27;;;;;10005;27;;;;;10000.0;364.0
-1;45300;BANANAS;4888;28;;;;;4894;1;4895;28;;;4891.0;1187.3516
-1;45300;PEARLS;9996;1;9995;28;;;9998;1;10004;1;10005;28;9997.0;364.0
-1;45400;PEARLS;9996;1;9995;27;;;10004;1;10005;27;;;10000.0;366.0
-1;45400;BANANAS;4888;28;;;;;4894;28;;;;;4891.0;1199.6484
-1;45500;BANANAS;4888;24;;;;;4895;24;;;;;4891.5;1193.5156
-1;45500;PEARLS;9996;1;9995;23;;;10004;1;10005;23;;;10000.0;366.0
-1;45600;BANANAS;4894;1;4889;1;4888;24;4895;25;;;;;4894.5;1193.0469
-1;45600;PEARLS;9996;1;9995;24;;;10004;1;10005;24;;;10000.0;366.0
-1;45700;PEARLS;10002;4;9995;30;;;10005;30;;;;;10003.5;366.0
-1;45700;BANANAS;4888;30;;;;;4895;30;;;;;4891.5;1135.6094
-1;45800;PEARLS;9996;2;9995;24;;;10004;2;10005;24;;;10000.0;374.0
-1;45800;BANANAS;4890;2;4889;24;;;4896;26;;;;;4893.0;1135.3672
-1;45900;PEARLS;9996;1;9995;21;;;10002;1;10004;1;10005;21;9999.0;374.0
-1;45900;BANANAS;4890;22;;;;;4895;1;4897;22;;;4892.5;1138.1094
-1;46000;BANANAS;4890;27;;;;;4897;27;;;;;4893.5;1140.6094
-1;46000;PEARLS;9996;2;9995;25;;;9998;5;10004;2;10005;25;9997.0;374.0
-1;46100;PEARLS;9996;2;9995;25;;;10004;2;10005;25;;;10000.0;384.0
-1;46100;BANANAS;4891;26;;;;;4897;2;4898;25;;;4894.0;1134.6094
-1;46200;PEARLS;9995;28;;;;;10005;28;;;;;10000.0;384.0
-1;46200;BANANAS;4890;28;;;;;4892;2;4897;28;;;4891.0;1124.0234
-1;46300;PEARLS;9996;1;9995;22;;;10004;1;10005;22;;;10000.0;384.0
-1;46300;BANANAS;4896;1;4890;23;;;4897;23;;;;;4896.5;1174.7422
-1;46400;BANANAS;4890;26;;;;;4897;26;;;;;4893.5;1118.4844
-1;46400;PEARLS;9995;26;;;;;10005;26;;;;;10000.0;384.0
-1;46500;PEARLS;9996;2;9995;23;;;10002;5;10004;2;10005;23;9999.0;384.0
-1;46500;BANANAS;4890;25;;;;;4891;1;4895;5;4897;25;4890.5;1117.2656
-1;46600;PEARLS;9996;2;9995;21;;;10002;2;10004;2;10005;21;9999.0;384.0
-1;46600;BANANAS;4893;4;4890;23;;;4895;2;4897;23;;;4894.0;1175.2969
-1;46700;PEARLS;9996;1;9995;22;;;10004;1;10005;22;;;10000.0;384.0
-1;46700;BANANAS;4889;23;;;;;4896;23;;;;;4892.5;954.3906
-1;46800;BANANAS;4891;5;4890;23;;;4896;1;4897;22;;;4893.5;959.71875
-1;46800;PEARLS;9998;4;9996;1;9995;22;10004;1;10005;22;;;10001.0;384.0
-1;46900;BANANAS;4895;1;4890;2;4889;26;4896;28;;;;;4895.5;956.85156
-1;46900;PEARLS;9996;2;9995;26;;;10004;2;10005;26;;;10000.0;384.0
-1;47000;PEARLS;9995;20;;;;;10002;8;10005;20;;;9998.5;384.0
-1;47000;BANANAS;4889;20;;;;;4894;8;4896;20;;;4891.5;894.6953
-1;47100;BANANAS;4890;4;4889;24;;;4896;24;;;;;4893.0;902.2656
-1;47100;PEARLS;9998;5;9995;24;;;10005;24;;;;;10001.5;384.0
-1;47200;BANANAS;4895;1;4889;29;;;4896;29;;;;;4895.5;907.5703
-1;47200;PEARLS;9995;29;;;;;10005;29;;;;;10000.0;384.0
-1;47300;BANANAS;4890;24;;;;;4896;24;;;;;4893.0;852.72656
-1;47300;PEARLS;9995;24;;;;;10005;24;;;;;10000.0;384.0
-1;47400;PEARLS;9996;2;9995;24;;;10002;5;10004;2;10005;24;9999.0;384.0
-1;47400;BANANAS;4890;26;;;;;4894;5;4896;26;;;4892.0;857.6719
-1;47500;BANANAS;4890;28;;;;;4896;28;;;;;4893.0;842.08594
-1;47500;PEARLS;9995;28;;;;;10005;28;;;;;10000.0;384.0
-1;47600;BANANAS;4889;21;;;;;4896;21;;;;;4892.5;839.47656
-1;47600;PEARLS;9995;21;;;;;10005;21;;;;;10000.0;384.0
-1;47700;BANANAS;4890;24;;;;;4896;1;4897;23;;;4893.0;829.34375
-1;47700;PEARLS;9996;1;9995;23;;;9998;1;10004;1;10005;23;9997.0;384.0
-1;47800;PEARLS;9995;22;;;;;9998;1;10002;8;10005;22;9996.5;386.0
-1;47800;BANANAS;4890;22;;;;;4895;8;4897;22;;;4892.5;829.4531
-1;47900;BANANAS;4891;1;4890;21;;;4897;21;;;;;4894.0;827.9297
-1;47900;PEARLS;9998;1;9995;21;;;10005;21;;;;;10001.5;388.0
-1;48000;BANANAS;4891;3;4890;29;;;4897;29;;;;;4894.0;827.15625
-1;48000;PEARLS;9998;3;9996;2;9995;27;10004;2;10005;27;;;10001.0;388.0
-1;48100;BANANAS;4890;29;;;;;4897;29;;;;;4893.5;826.4844
-1;48100;PEARLS;9995;29;;;;;10005;29;;;;;10000.0;388.0
-1;48200;PEARLS;9996;1;9995;25;;;10004;1;10005;25;;;10000.0;388.0
-1;48200;BANANAS;4890;26;;;;;4897;26;;;;;4893.5;823.3281
-1;48300;BANANAS;4895;1;4890;29;;;4897;29;;;;;4896.0;821.7969
-1;48300;PEARLS;9995;29;;;;;10005;29;;;;;10000.0;388.0
-1;48400;BANANAS;4895;1;4889;22;;;4896;22;;;;;4895.5;766.08203
-1;48400;PEARLS;9995;22;;;;;10005;22;;;;;10000.0;388.0
-1;48500;BANANAS;4889;25;;;;;4896;25;;;;;4892.5;716.14844
-1;48500;PEARLS;9995;25;;;;;10005;25;;;;;10000.0;388.0
-1;48600;PEARLS;9996;2;9995;20;;;10002;4;10004;2;10005;20;9999.0;388.0
-1;48600;BANANAS;4889;22;;;;;4894;4;4896;22;;;4891.5;716.0469
-1;48700;BANANAS;4889;21;;;;;4896;21;;;;;4892.5;710.25
-1;48700;PEARLS;10002;2;9995;21;;;10005;21;;;;;10003.5;388.0
-1;48800;BANANAS;4891;10;4890;31;;;4896;31;;;;;4893.5;718.41797
-1;48800;PEARLS;9998;10;9996;2;9995;29;10004;2;10005;29;;;10001.0;392.0
-1;48900;BANANAS;4891;2;4890;25;;;4896;1;4897;24;;;4893.5;712.10156
-1;48900;PEARLS;9998;3;9996;1;9995;24;10004;1;10005;24;;;10001.0;392.0
-1;49000;PEARLS;9995;29;;;;;10005;29;;;;;10000.0;392.0
-1;49000;BANANAS;4890;29;;;;;4897;29;;;;;4893.5;709.2344
-1;49100;BANANAS;4891;3;4890;26;;;4897;26;;;;;4894.0;702.78906
-1;49100;PEARLS;9998;3;9995;26;;;10005;26;;;;;10001.5;392.0
-1;49200;BANANAS;4890;25;;;;;4897;25;;;;;4893.5;691.8125
-1;49200;PEARLS;9996;2;9995;23;;;10004;2;10005;23;;;10000.0;392.0
-1;49300;BANANAS;4896;1;4891;29;;;4897;29;;;;;4896.5;690.26953
-1;49300;PEARLS;9995;29;;;;;10005;29;;;;;10000.0;392.0
-1;49400;PEARLS;9998;5;9996;1;9995;21;10004;1;10005;21;;;10001.0;392.0
-1;49400;BANANAS;4897;1;4892;5;4891;22;4898;22;;;;;4897.5;648.1289
-1;49500;BANANAS;4891;23;;;;;4897;23;;;;;4894.0;606.02734
-1;49500;PEARLS;9995;23;;;;;10005;23;;;;;10000.0;392.0
-1;49600;BANANAS;4890;22;;;;;4897;22;;;;;4893.5;604.39844
-1;49600;PEARLS;9995;22;;;;;10005;22;;;;;10000.0;392.0
-1;49700;BANANAS;4891;2;4890;22;;;4895;9;4897;24;;;4893.0;609.1289
-1;49700;PEARLS;9996;2;9995;22;;;10002;8;10004;2;10005;22;9999.0;392.0
-1;49800;BANANAS;4890;22;;;;;4897;22;;;;;4893.5;610.3164
-1;49800;PEARLS;9996;1;9995;21;;;9998;1;10004;1;10005;21;9997.0;392.0
-1;49900;PEARLS;9996;2;9995;20;;;10004;2;10005;20;;;10000.0;394.0
-1;49900;BANANAS;4890;22;;;;;4895;1;4896;2;4897;20;4892.5;608.9922
-1;50000;BANANAS;4892;1;4889;30;;;4896;30;;;;;4894.0;603.0625
-1;50000;PEARLS;9996;1;9995;29;;;10004;1;10005;29;;;10000.0;394.0
-1;50100;BANANAS;4889;32;;;;;4896;32;;;;;4892.5;607.9219
-1;50100;PEARLS;9996;2;9995;30;;;10004;2;10005;30;;;10000.0;394.0
-1;50200;PEARLS;9998;1;9996;2;9995;23;10004;2;10005;23;;;10001.0;394.0
-1;50200;BANANAS;4891;1;4890;25;;;4896;25;;;;;4893.5;614.15234
-1;50300;PEARLS;9996;1;9995;25;;;10002;5;10004;1;10005;25;9999.0;394.0
-1;50300;BANANAS;4890;26;;;;;4895;6;4896;1;4897;25;4892.5;616.47656
-1;50400;PEARLS;10002;4;9996;1;9995;29;10004;1;10005;29;;;10003.0;394.0
-1;50400;BANANAS;4890;30;;;;;4897;30;;;;;4893.5;614.40234
-1;50500;BANANAS;4890;29;;;;;4897;29;;;;;4893.5;616.53906
-1;50500;PEARLS;10002;4;9996;1;9995;28;10004;1;10005;28;;;10003.0;402.0
-1;50600;PEARLS;9996;1;9995;23;;;10004;1;10005;23;;;10000.0;410.0
-1;50600;BANANAS;4895;1;4890;24;;;4896;1;4897;23;;;4895.5;617.5664
-1;50700;PEARLS;9995;25;;;;;10002;3;10005;25;;;9998.5;410.0
-1;50700;BANANAS;4890;25;;;;;4891;1;4895;3;4897;25;4890.5;566.28516
-1;50800;PEARLS;9995;24;;;;;9998;1;10002;6;10005;24;9996.5;410.0
-1;50800;BANANAS;4890;24;;;;;4895;6;4897;24;;;4892.5;619.51953
-1;50900;BANANAS;4890;27;;;;;4897;27;;;;;4893.5;617.3594
-1;50900;PEARLS;9996;1;9995;26;;;10004;1;10005;26;;;10000.0;412.0
-1;51000;PEARLS;9996;2;9995;22;;;10004;2;10005;22;;;10000.0;412.0
-1;51000;BANANAS;4890;24;;;;;4896;2;4897;22;;;4893.0;620.6133
-1;51100;PEARLS;9996;1;9995;26;;;10004;1;10005;26;;;10000.0;412.0
-1;51100;BANANAS;4891;27;;;;;4897;27;;;;;4894.0;617.0781
-1;51200;PEARLS;9996;2;9995;30;;;10004;2;10005;30;;;10000.0;412.0
-1;51200;BANANAS;4890;32;;;;;4897;32;;;;;4893.5;609.08203
-1;51300;PEARLS;9996;2;9995;23;;;10004;2;10005;23;;;10000.0;412.0
-1;51300;BANANAS;4891;25;;;;;4897;25;;;;;4894.0;610.9531
-1;51400;BANANAS;4891;23;;;;;4897;23;;;;;4894.0;611.34766
-1;51400;PEARLS;9995;23;;;;;10005;23;;;;;10000.0;412.0
-1;51500;PEARLS;9996;2;9995;20;;;10004;2;10005;20;;;10000.0;412.0
-1;51500;BANANAS;4891;22;;;;;4897;2;4898;20;;;4894.0;614.72656
-1;51600;PEARLS;9996;2;9995;29;;;10004;2;10005;29;;;10000.0;412.0
-1;51600;BANANAS;4891;31;;;;;4897;2;4898;29;;;4894.0;612.8047
-1;51700;PEARLS;9996;2;9995;30;;;10002;5;10004;2;10005;30;9999.0;412.0
-1;51700;BANANAS;4891;32;;;;;4896;5;4897;2;4898;30;4893.5;613.7383
-1;51800;BANANAS;4891;26;;;;;4898;26;;;;;4894.5;618.25
-1;51800;PEARLS;9996;2;9995;24;;;10004;2;10005;24;;;10000.0;412.0
-1;51900;PEARLS;9996;1;9995;26;;;10002;6;10004;1;10005;26;9999.0;412.0
-1;51900;BANANAS;4892;1;4891;26;;;4896;6;4898;27;;;4894.0;616.2539
-1;52000;PEARLS;10000;3;9996;1;9995;23;10004;1;10005;23;;;10002.0;412.0
-1;52000;BANANAS;4891;24;;;;;4897;1;4898;23;;;4894.0;611.98047
-1;52100;PEARLS;9995;30;;;;;10005;30;;;;;10000.0;412.0
-1;52100;BANANAS;4891;30;;;;;4898;30;;;;;4894.5;609.28516
-1;52200;BANANAS;4891;28;;;;;4896;3;4898;28;;;4893.5;613.7969
-1;52200;PEARLS;9995;28;;;;;10002;3;10005;28;;;9998.5;412.0
-1;52300;PEARLS;9995;21;;;;;10002;3;10005;21;;;9998.5;412.0
-1;52300;BANANAS;4892;21;;;;;4897;2;4899;21;;;4894.5;610.46094
-1;52400;PEARLS;10000;6;9996;2;9995;22;10004;2;10005;22;;;10002.0;412.0
-1;52400;BANANAS;4892;2;4891;22;;;4898;24;;;;;4895.0;610.3906
-1;52500;PEARLS;9996;1;9995;30;;;10004;1;10005;30;;;10000.0;412.0
-1;52500;BANANAS;4891;31;;;;;4898;31;;;;;4894.5;610.03125
-1;52600;BANANAS;4891;24;;;;;4897;1;4898;23;;;4894.0;612.3203
-1;52600;PEARLS;9996;1;9995;23;;;9998;2;10004;1;10005;23;9997.0;412.0
-1;52700;PEARLS;9995;29;;;;;9998;1;10005;29;;;9996.5;416.0
-1;52700;BANANAS;4891;29;;;;;4897;29;;;;;4894.0;612.54297
-1;52800;PEARLS;9995;24;;;;;9998;1;10005;24;;;9996.5;418.0
-1;52800;BANANAS;4891;24;;;;;4897;24;;;;;4894.0;615.1328
-1;52900;PEARLS;9996;1;9995;30;;;10004;1;10005;30;;;10000.0;420.0
-1;52900;BANANAS;4891;1;4890;30;;;4897;31;;;;;4894.0;611.52344
-1;53000;BANANAS;4891;28;;;;;4898;28;;;;;4894.5;618.2422
-1;53000;PEARLS;9995;28;;;;;10005;28;;;;;10000.0;420.0
-1;53100;PEARLS;9996;1;9995;30;;;10004;1;10005;30;;;10000.0;420.0
-1;53100;BANANAS;4892;31;;;;;4898;31;;;;;4895.0;633.7344
-1;53200;PEARLS;9996;1;9995;30;;;9998;1;10004;1;10005;30;9997.0;420.0
-1;53200;BANANAS;4892;31;;;;;4898;1;4899;30;;;4895.0;634.65625
-1;53300;PEARLS;9996;1;9995;23;;;10004;1;10005;23;;;10000.0;422.0
-1;53300;BANANAS;4892;24;;;;;4899;24;;;;;4895.5;633.89453
-1;53400;BANANAS;4892;23;;;;;4893;1;4899;23;;;4892.5;628.10156
-1;53400;PEARLS;9995;23;;;;;10005;23;;;;;10000.0;422.0
-1;53500;PEARLS;9996;1;9995;25;;;10002;8;10004;1;10005;25;9999.0;422.0
-1;53500;BANANAS;4892;26;;;;;4897;8;4899;26;;;4894.5;685.54297
-1;53600;PEARLS;9998;2;9995;23;;;10005;23;;;;;10001.5;422.0
-1;53600;BANANAS;4893;1;4892;23;;;4899;23;;;;;4896.0;681.33594
-1;53700;PEARLS;9996;2;9995;25;;;10002;10;10004;2;10005;25;9999.0;422.0
-1;53700;BANANAS;4892;27;;;;;4897;10;4898;2;4899;25;4894.5;685.53125
-1;53800;BANANAS;4892;25;;;;;4897;6;4898;2;4899;23;4894.5;692.52344
-1;53800;PEARLS;9996;2;9995;23;;;9998;13;10002;6;10004;2;9997.0;422.0
-1;53900;PEARLS;9995;28;;;;;10005;28;;;;;10000.0;436.0
-1;53900;BANANAS;4897;1;4896;4;4891;28;4898;28;;;;;4897.5;697.3828
-1;54000;PEARLS;9996;1;9995;21;;;10004;1;10005;21;;;10000.0;436.0
-1;54000;BANANAS;4891;22;;;;;4898;22;;;;;4894.5;653.6719
-1;54100;PEARLS;9995;23;;;;;10005;23;;;;;10000.0;436.0
-1;54100;BANANAS;4892;23;;;;;4899;23;;;;;4895.5;648.7539
-1;54200;BANANAS;4892;1;4891;20;;;4898;21;;;;;4895.0;642.1289
-1;54200;PEARLS;9996;1;9995;20;;;10004;1;10005;20;;;10000.0;436.0
-1;54300;BANANAS;4892;1;4891;25;;;4898;25;;;;;4895.0;647.78125
-1;54300;PEARLS;9998;1;9995;25;;;10005;25;;;;;10001.5;436.0
-1;54400;PEARLS;9996;2;9995;22;;;10004;2;10005;22;;;10000.0;436.0
-1;54400;BANANAS;4892;23;;;;;4898;2;4899;22;;;4895.0;648.39453
-1;54500;BANANAS;4892;28;;;;;4897;9;4899;29;;;4894.5;649.8125
-1;54500;PEARLS;9995;29;;;;;10002;9;10005;29;;;9998.5;436.0
-1;54600;BANANAS;4893;4;4892;28;;;4899;28;;;;;4896.0;646.5586
-1;54600;PEARLS;9998;4;9996;2;9995;26;10004;2;10005;26;;;10001.0;436.0
-1;54700;PEARLS;9998;2;9995;21;;;10005;21;;;;;10001.5;436.0
-1;54700;BANANAS;4894;3;4893;21;;;4900;21;;;;;4897.0;643.10547
-1;54800;PEARLS;9996;1;9995;23;;;10004;1;10005;23;;;10000.0;436.0
-1;54800;BANANAS;4893;24;;;;;4899;1;4900;23;;;4896.0;481.84766
-1;54900;PEARLS;9996;1;9995;28;;;10004;1;10005;28;;;10000.0;436.0
-1;54900;BANANAS;4893;29;;;;;4899;1;4900;28;;;4896.0;477.0703
-1;55000;BANANAS;4893;27;;;;;4900;27;;;;;4896.5;479.16797
-1;55000;PEARLS;9995;27;;;;;9998;5;10005;27;;;9996.5;436.0
-1;55100;PEARLS;10002;9;9996;2;9995;29;10004;2;10005;29;;;10003.0;436.0
-1;55100;BANANAS;4894;2;4893;29;;;4900;31;;;;;4897.0;481.89453
-1;55200;PEARLS;9995;25;;;;;10005;25;;;;;10000.0;454.0
-1;55200;BANANAS;4894;25;;;;;4900;25;;;;;4897.0;378.0039
-1;55300;PEARLS;9996;1;9995;24;;;10002;7;10004;1;10005;24;9999.0;454.0
-1;55300;BANANAS;4894;25;;;;;4899;7;4901;25;;;4896.5;-943.75
-1;55400;BANANAS;4895;1;4894;22;;;4901;23;;;;;4898.0;-940.5469
-1;55400;PEARLS;9996;1;9995;22;;;10004;1;10005;22;;;10000.0;454.0
-1;55500;PEARLS;9995;26;;;;;10005;26;;;;;10000.0;454.0
-1;55500;BANANAS;4898;2;4894;26;;;4901;26;;;;;4899.5;-925.125
-1;55600;PEARLS;9998;7;9996;1;9995;27;10004;1;10005;27;;;10001.0;454.0
-1;55600;BANANAS;4895;7;4894;28;;;4900;1;4901;27;;;4897.5;-918.28125
-1;55700;BANANAS;4893;21;;;;;4898;7;4900;21;;;4895.5;-927.5156
-1;55700;PEARLS;9995;21;;;;;10002;7;10005;21;;;9998.5;454.0
-1;55800;BANANAS;4894;23;;;;;4900;2;4901;21;;;4897.0;-935.21875
-1;55800;PEARLS;9996;2;9995;21;;;10004;2;10005;21;;;10000.0;454.0
-1;55900;BANANAS;4894;24;;;;;4901;24;;;;;4897.5;-931.09375
-1;55900;PEARLS;9995;24;;;;;9998;11;10005;24;;;9996.5;454.0
-1;56000;PEARLS;9996;2;9995;20;;;10004;2;10005;20;;;10000.0;472.0
-1;56000;BANANAS;4895;22;;;;;4901;22;;;;;4898.0;-931.15625
-1;56100;BANANAS;4894;30;;;;;4901;30;;;;;4897.5;-938.84375
-1;56100;PEARLS;9996;1;9995;29;;;10004;1;10005;29;;;10000.0;472.0
-1;56200;BANANAS;4894;28;;;;;4900;2;4901;26;;;4897.0;-939.2031
-1;56200;PEARLS;9996;2;9995;26;;;10004;2;10005;26;;;10000.0;472.0
-1;56300;BANANAS;4894;23;;;;;4899;8;4901;23;;;4896.5;-932.3047
-1;56300;PEARLS;9995;23;;;;;10002;8;10005;23;;;9998.5;472.0
-1;56400;PEARLS;9998;6;9995;23;;;10005;23;;;;;10001.5;472.0
-1;56400;BANANAS;4895;6;4894;23;;;4901;23;;;;;4898.0;-926.9219
-1;56500;BANANAS;4894;25;;;;;4901;25;;;;;4897.5;-929.28906
-1;56500;PEARLS;9995;25;;;;;10005;25;;;;;10000.0;472.0
-1;56600;BANANAS;4894;27;;;;;4901;27;;;;;4897.5;-924.4219
-1;56600;PEARLS;9996;1;9995;26;;;10004;1;10005;26;;;10000.0;472.0
-1;56700;BANANAS;4894;24;;;;;4901;25;;;;;4897.5;-929.28906
-1;56700;PEARLS;9995;25;;;;;10005;25;;;;;10000.0;472.0
-1;56800;PEARLS;9995;24;;;;;10005;24;;;;;10000.0;472.0
-1;56800;BANANAS;4894;23;;;;;4900;24;;;;;4897.0;-926.90625
-1;56900;BANANAS;4895;5;4894;20;;;4901;20;;;;;4898.0;-929.8281
-1;56900;PEARLS;9998;5;9995;20;;;10005;20;;;;;10001.5;472.0
-1;57000;BANANAS;4893;25;;;;;4900;25;;;;;4896.5;-925.3203
-1;57000;PEARLS;9995;25;;;;;10005;25;;;;;10000.0;472.0
-1;57100;BANANAS;4894;2;4893;25;;;4900;27;;;;;4897.0;-926.6406
-1;57100;PEARLS;9996;2;9995;25;;;10004;2;10005;25;;;10000.0;472.0
-1;57200;PEARLS;9995;26;;;;;10005;26;;;;;10000.0;472.0
-1;57200;BANANAS;4893;26;;;;;4896;2;4900;26;;;4894.5;-930.25
-1;57300;BANANAS;4893;25;;;;;4900;25;;;;;4896.5;-935.0469
-1;57300;PEARLS;10002;1;9995;25;;;10005;25;;;;;10003.5;472.0
-1;57400;BANANAS;4893;27;;;;;4898;2;4899;2;4900;26;4895.5;-941.1406
-1;57400;PEARLS;9996;2;9995;26;;;10002;2;10004;2;10005;26;9999.0;474.0
-1;57500;BANANAS;4892;31;;;;;4897;1;4899;31;;;4894.5;-958.6719
-1;57500;PEARLS;9996;1;9995;30;;;10002;1;10004;1;10005;30;9999.0;474.0
-1;57600;PEARLS;9995;29;;;;;9998;1;10005;29;;;9996.5;474.0
-1;57600;BANANAS;4892;29;;;;;4899;29;;;;;4895.5;-962.64844
-1;57700;BANANAS;4892;30;;;;;4897;2;4899;30;;;4894.5;-961.28906
-1;57700;PEARLS;9996;2;9995;28;;;10002;2;10004;2;10005;28;9999.0;476.0
-1;57800;BANANAS;4892;28;;;;;4899;28;;;;;4895.5;-963.3906
-1;57800;PEARLS;9996;2;9995;26;;;10004;2;10005;26;;;10000.0;476.0
-1;57900;BANANAS;4893;32;;;;;4899;2;4900;30;;;4896.0;-949.78125
-1;57900;PEARLS;10002;1;9996;2;9995;30;10004;2;10005;30;;;10003.0;476.0
-1;58000;PEARLS;9998;7;9995;23;;;10005;23;;;;;10001.5;478.0
-1;58000;BANANAS;4893;6;4892;23;;;4899;23;;;;;4896.0;-946.83594
-1;58100;BANANAS;4893;23;;;;;4899;1;4900;23;;;4896.0;-941.3281
-1;58100;PEARLS;9996;1;9995;23;;;10004;1;10005;23;;;10000.0;478.0
-1;58200;BANANAS;4893;26;;;;;4899;2;4900;24;;;4896.0;-949.375
-1;58200;PEARLS;9996;2;9995;24;;;10004;2;10005;24;;;10000.0;478.0
-1;58300;BANANAS;4893;23;;;;;4900;23;;;;;4896.5;-950.9453
-1;58300;PEARLS;9996;2;9995;21;;;9998;1;10004;2;10005;21;9997.0;478.0
-1;58400;PEARLS;9995;21;;;;;10000;4;10005;21;;;9997.5;480.0
-1;58400;BANANAS;4893;21;;;;;4900;21;;;;;4896.5;-961.96875
-1;58500;BANANAS;4894;1;4893;29;;;4900;30;;;;;4897.0;-964.75
-1;58500;PEARLS;9996;1;9995;29;;;9998;1;10004;1;10005;29;9997.0;480.0
-1;58600;BANANAS;4894;2;4893;29;;;4899;2;4900;27;;;4896.5;-959.9531
-1;58600;PEARLS;9998;2;9996;2;9995;27;10004;2;10005;27;;;10001.0;480.0
-1;58700;BANANAS;4893;1;4892;24;;;4899;25;;;;;4896.0;-961.6406
-1;58700;PEARLS;9996;1;9995;24;;;10004;1;10005;24;;;10000.0;480.0
-1;58800;BANANAS;4894;5;4893;24;;;4900;24;;;;;4897.0;-955.5469
-1;58800;PEARLS;9998;4;9996;2;9995;22;10004;2;10005;22;;;10001.0;480.0
-1;58900;PEARLS;9995;22;;;;;9998;1;10005;22;;;9996.5;480.0
-1;58900;BANANAS;4894;22;;;;;4901;22;;;;;4897.5;-958.625
-1;59000;PEARLS;9995;26;;;;;10005;26;;;;;10000.0;480.0
-1;59000;BANANAS;4895;9;4894;26;;;4901;26;;;;;4898.0;-962.89844
-1;59100;BANANAS;4893;30;;;;;4894;12;4900;30;;;4893.5;-961.3672
-1;59100;PEARLS;9995;30;;;;;9998;2;10005;30;;;9996.5;480.0
-1;59200;PEARLS;10000;3;9996;2;9995;29;10004;2;10005;29;;;10002.0;480.0
-1;59200;BANANAS;4897;1;4893;31;;;4900;31;;;;;4898.5;-956.9531
-1;59300;PEARLS;9996;2;9995;28;;;9998;13;10004;2;10005;28;9997.0;480.0
-1;59300;BANANAS;4894;2;4893;28;;;4900;30;;;;;4897.0;-948.91406
-1;59400;PEARLS;9995;28;;;;;10005;28;;;;;10000.0;480.0
-1;59400;BANANAS;4894;28;;;;;4899;3;4901;28;;;4896.5;-953.2422
-1;59500;BANANAS;4895;1;4894;29;;;4900;2;4901;27;;;4897.5;-944.6875
-1;59500;PEARLS;9998;1;9996;2;9995;27;10004;2;10005;27;;;10001.0;480.0
-1;59600;PEARLS;9995;25;;;;;10005;25;;;;;10000.0;480.0
-1;59600;BANANAS;4894;25;;;;;4901;25;;;;;4897.5;-953.875
-1;59700;PEARLS;9998;8;9996;2;9995;26;10004;2;10005;26;;;10001.0;480.0
-1;59700;BANANAS;4895;8;4894;28;;;4901;28;;;;;4898.0;-962.9219
-1;59800;PEARLS;9995;20;;;;;10005;20;;;;;10000.0;480.0
-1;59800;BANANAS;4893;20;;;;;4900;20;;;;;4896.5;-963.875
-1;59900;BANANAS;4894;3;4893;22;;;4900;24;;;;;4897.0;-968.47656
-1;59900;PEARLS;10002;1;9998;1;9996;2;10004;2;10005;22;;;10003.0;480.0
-1;60000;PEARLS;9998;4;9996;2;9995;29;10004;2;10005;29;;;10001.0;482.0
-1;60000;BANANAS;4894;4;4893;31;;;4900;31;;;;;4897.0;-978.75
-1;60100;PEARLS;9995;25;;;;;9998;1;10005;25;;;9996.5;482.0
-1;60100;BANANAS;4893;25;;;;;4900;25;;;;;4896.5;-983.0625
-1;60200;PEARLS;10000;3;9996;1;9995;21;10004;1;10005;21;;;10002.0;484.0
-1;60200;BANANAS;4894;1;4893;21;;;4900;22;;;;;4897.0;-982.6406
-1;60300;PEARLS;9996;2;9995;22;;;10004;2;10005;22;;;10000.0;484.0
-1;60300;BANANAS;4893;24;;;;;4900;24;;;;;4896.5;-978.8906
-1;60400;BANANAS;4893;25;;;;;4900;25;;;;;4896.5;-979.46875
-1;60400;PEARLS;10000;4;9996;1;9995;24;10004;1;10005;24;;;10002.0;484.0
-1;60500;PEARLS;9996;2;9995;20;;;10004;2;10005;20;;;10000.0;484.0
-1;60500;BANANAS;4893;22;;;;;4900;22;;;;;4896.5;-981.3906
-1;60600;PEARLS;9995;27;;;;;10002;3;10005;27;;;9998.5;484.0
-1;60600;BANANAS;4893;27;;;;;4898;3;4900;27;;;4895.5;-981.91406
-1;60700;PEARLS;9996;2;9995;29;;;10002;8;10004;2;10005;29;9999.0;484.0
-1;60700;BANANAS;4894;31;;;;;4898;8;4900;31;;;4896.0;-986.4219
-1;60800;BANANAS;4894;25;;;;;4900;1;4901;24;;;4897.0;-972.0
-1;60800;PEARLS;9996;1;9995;24;;;10004;1;10005;24;;;10000.0;484.0
-1;60900;PEARLS;9996;2;9995;23;;;10004;2;10005;23;;;10000.0;484.0
-1;60900;BANANAS;4894;25;;;;;4900;2;4901;23;;;4897.0;-962.8047
-1;61000;PEARLS;9996;1;9995;30;;;10004;1;10005;30;;;10000.0;484.0
-1;61000;BANANAS;4894;31;;;;;4900;31;;;;;4897.0;-953.75
-1;61100;PEARLS;9996;2;9995;30;;;10004;2;10005;30;;;10000.0;484.0
-1;61100;BANANAS;4894;32;;;;;4895;2;4897;3;4900;2;4894.5;-954.6406
-1;61200;BANANAS;4894;30;;;;;4901;30;;;;;4897.5;-949.0703
-1;61200;PEARLS;9995;30;;;;;10005;30;;;;;10000.0;484.0
-1;61300;PEARLS;9996;1;9995;30;;;10004;1;10005;30;;;10000.0;484.0
-1;61300;BANANAS;4893;31;;;;;4900;31;;;;;4896.5;-944.78125
-1;61400;PEARLS;10002;2;9996;2;9995;26;10004;2;10005;26;;;10003.0;484.0
-1;61400;BANANAS;4894;2;4893;26;;;4900;28;;;;;4897.0;-955.5469
-1;61500;PEARLS;10002;6;9995;29;;;10005;29;;;;;10003.5;488.0
-1;61500;BANANAS;4893;29;;;;;4900;29;;;;;4896.5;-971.78125
-1;61600;BANANAS;4893;26;;;;;4899;26;;;;;4896.0;-972.4922
-1;61600;PEARLS;9996;1;9995;25;;;10004;1;10005;25;;;10000.0;500.0
-1;61700;PEARLS;9996;1;9995;22;;;10004;1;10005;22;;;10000.0;500.0
-1;61700;BANANAS;4898;1;4893;23;;;4899;1;4900;22;;;4898.5;-966.71875
-1;61800;PEARLS;9995;29;;;;;10005;29;;;;;10000.0;500.0
-1;61800;BANANAS;4892;29;;;;;4899;29;;;;;4895.5;-959.6406
-1;61900;PEARLS;9996;2;9995;23;;;9998;1;10004;2;10005;23;9997.0;500.0
-1;61900;BANANAS;4892;25;;;;;4899;25;;;;;4895.5;-960.5469
-1;62000;BANANAS;4892;23;;;;;4898;1;4899;22;;;4895.0;-946.64844
-1;62000;PEARLS;9996;1;9995;22;;;10004;1;10005;22;;;10000.0;502.0
-1;62100;PEARLS;9996;1;9995;24;;;10004;1;10005;24;;;10000.0;502.0
-1;62100;BANANAS;4892;25;;;;;4898;1;4899;24;;;4895.0;-949.3906
-1;62200;PEARLS;9998;9;9995;26;;;10005;26;;;;;10001.5;502.0
-1;62200;BANANAS;4893;8;4892;26;;;4899;26;;;;;4896.0;-941.16406
-1;62300;PEARLS;9996;1;9995;21;;;10004;1;10005;21;;;10000.0;502.0
-1;62300;BANANAS;4892;22;;;;;4899;22;;;;;4895.5;-953.65625
-1;62400;BANANAS;4892;26;;;;;4899;26;;;;;4895.5;-948.6875
-1;62400;PEARLS;9995;26;;;;;10005;26;;;;;10000.0;502.0
-1;62500;PEARLS;9996;2;9995;27;;;10004;2;10005;27;;;10000.0;502.0
-1;62500;BANANAS;4892;29;;;;;4899;29;;;;;4895.5;-947.03125
-1;62600;PEARLS;9996;2;9995;29;;;10004;2;10005;29;;;10000.0;502.0
-1;62600;BANANAS;4893;2;4892;29;;;4899;31;;;;;4896.0;-939.0469
-1;62700;PEARLS;9995;25;;;;;10002;4;10005;25;;;9998.5;502.0
-1;62700;BANANAS;4893;25;;;;;4898;4;4900;25;;;4895.5;-946.2031
-1;62800;BANANAS;4893;28;;;;;4899;28;;;;;4896.0;-935.1406
-1;62800;PEARLS;9996;1;9995;27;;;10004;1;10005;27;;;10000.0;502.0
-1;62900;PEARLS;9996;1;9995;21;;;10004;1;10005;21;;;10000.0;502.0
-1;62900;BANANAS;4894;1;4893;21;;;4900;22;;;;;4897.0;-935.40625
-1;63000;PEARLS;9996;2;9995;25;;;10004;2;10005;25;;;10000.0;502.0
-1;63000;BANANAS;4893;27;;;;;4899;2;4900;25;;;4896.0;-932.3906
-1;63100;BANANAS;4893;20;;;;;4898;1;4900;20;;;4895.5;-931.96094
-1;63100;PEARLS;9995;20;;;;;10002;1;10005;20;;;9998.5;502.0
-1;63200;BANANAS;4893;24;;;;;4900;24;;;;;4896.5;-931.2344
-1;63200;PEARLS;9995;24;;;;;10005;24;;;;;10000.0;502.0
-1;63300;BANANAS;4894;2;4893;26;;;4900;28;;;;;4897.0;-930.66406
-1;63300;PEARLS;9996;2;9995;26;;;10004;2;10005;26;;;10000.0;502.0
-1;63400;PEARLS;9996;1;9995;30;;;10002;9;10004;1;10005;30;9999.0;502.0
-1;63400;BANANAS;4894;1;4893;30;;;4898;9;4900;31;;;4896.0;-933.7578
-1;63500;PEARLS;9996;2;9995;30;;;9998;1;10002;3;10004;2;9997.0;502.0
-1;63500;BANANAS;4893;32;;;;;4898;3;4900;32;;;4895.5;-934.6172
-1;63600;BANANAS;4894;31;;;;;4898;6;4900;31;;;4896.0;-935.0
-1;63600;PEARLS;9996;1;9995;30;;;10002;6;10004;1;10005;30;9999.0;504.0
-1;63700;PEARLS;9998;8;9996;2;9995;22;10004;2;10005;22;;;10001.0;504.0
-1;63700;BANANAS;4895;8;4894;24;;;4900;24;;;;;4897.5;-929.96875
-1;63800;PEARLS;9996;2;9995;26;;;10004;2;10005;26;;;10000.0;504.0
-1;63800;BANANAS;4894;27;;;;;4901;28;;;;;4897.5;-921.7344
-1;63900;PEARLS;9995;25;;;;;10002;3;10005;25;;;9998.5;504.0
-1;63900;BANANAS;4894;25;;;;;4895;1;4899;3;4901;25;4894.5;-914.33594
-1;64000;BANANAS;4895;1;4894;30;;;4901;31;;;;;4898.0;-907.8203
-1;64000;PEARLS;9996;1;9995;30;;;10004;1;10005;30;;;10000.0;504.0
-1;64100;PEARLS;9995;29;;;;;10005;29;;;;;10000.0;504.0
-1;64100;BANANAS;4894;29;;;;;4901;29;;;;;4897.5;-892.9297
-1;64200;PEARLS;9996;1;9995;23;;;10002;1;10004;1;10005;23;9999.0;504.0
-1;64200;BANANAS;4895;1;4894;23;;;4899;1;4901;24;;;4897.0;-890.7422
-1;64300;PEARLS;9995;29;;;;;10005;29;;;;;10000.0;504.0
-1;64300;BANANAS;4895;29;;;;;4902;29;;;;;4898.5;-886.875
-1;64400;BANANAS;4894;25;;;;;4901;26;;;;;4897.5;-884.25
-1;64400;PEARLS;9996;1;9995;25;;;10004;1;10005;25;;;10000.0;504.0
-1;64500;PEARLS;9998;1;9996;1;9995;30;10004;1;10005;30;;;10001.0;504.0
-1;64500;BANANAS;4896;1;4895;31;;;4901;1;4902;30;;;4898.5;-887.1953
-1;64600;PEARLS;9996;1;9995;23;;;10004;1;10005;23;;;10000.0;504.0
-1;64600;BANANAS;4895;23;;;;;4901;1;4902;23;;;4898.0;-892.8203
-1;64700;BANANAS;4895;30;;;;;4900;1;4902;30;;;4897.5;-887.7656
-1;64700;PEARLS;9996;2;9995;28;;;10002;1;10004;2;10005;28;9999.0;504.0
-1;64800;BANANAS;4895;28;;;;;4900;4;4902;28;;;4897.5;-883.1406
-1;64800;PEARLS;9996;2;9995;26;;;10002;4;10004;2;10005;26;9999.0;504.0
-1;64900;BANANAS;4895;29;;;;;4902;30;;;;;4898.5;-877.97656
-1;64900;PEARLS;9995;30;;;;;10005;30;;;;;10000.0;504.0
-1;65000;PEARLS;9995;22;;;;;10002;3;10005;22;;;9998.5;504.0
-1;65000;BANANAS;4895;22;;;;;4900;3;4902;22;;;4897.5;-886.875
-1;65100;BANANAS;4896;9;4895;31;;;4902;31;;;;;4899.0;-884.6797
-1;65100;PEARLS;9998;9;9996;2;9995;29;10004;2;10005;29;;;10001.0;504.0
-1;65200;BANANAS;4895;25;;;;;4901;25;;;;;4898.0;-874.9219
-1;65200;PEARLS;10002;5;9995;25;;;10005;25;;;;;10003.5;504.0
-1;65300;BANANAS;4900;1;4895;5;4894;29;4901;31;;;;;4900.5;-869.4375
-1;65300;PEARLS;10002;1;9998;3;9996;2;10004;2;10005;29;;;10003.0;514.0
-1;65400;PEARLS;9996;1;9995;24;;;9998;1;10004;1;10005;24;9997.0;516.0
-1;65400;BANANAS;4894;25;;;;;4901;25;;;;;4897.5;-877.9844
-1;65500;BANANAS;4895;2;4894;25;;;4899;6;4901;27;;;4897.0;-881.7578
-1;65500;PEARLS;9996;2;9995;25;;;10002;6;10004;2;10005;25;9999.0;518.0
-1;65600;BANANAS;4895;8;4894;28;;;4901;28;;;;;4898.0;-882.125
-1;65600;PEARLS;9998;8;9995;28;;;10005;28;;;;;10001.5;518.0
-1;65700;BANANAS;4894;21;;;;;4901;21;;;;;4897.5;-883.8906
-1;65700;PEARLS;9995;21;;;;;10005;21;;;;;10000.0;518.0
-1;65800;PEARLS;9995;29;;;;;10005;29;;;;;10000.0;518.0
-1;65800;BANANAS;4894;29;;;;;4901;29;;;;;4897.5;-873.4453
-1;65900;BANANAS;4895;1;4894;26;;;4901;27;;;;;4898.0;-868.03906
-1;65900;PEARLS;9996;1;9995;26;;;10004;1;10005;26;;;10000.0;518.0
-1;66000;BANANAS;4894;21;;;;;4901;21;;;;;4897.5;-880.3906
-1;66000;PEARLS;9996;1;9995;20;;;9998;2;10004;1;10005;20;9997.0;518.0
-1;66100;BANANAS;4893;22;;;;;4900;22;;;;;4896.5;-873.91406
-1;66100;PEARLS;9995;22;;;;;10005;22;;;;;10000.0;522.0
-1;66200;PEARLS;9995;28;;;;;10005;28;;;;;10000.0;522.0
-1;66200;BANANAS;4894;28;;;;;4901;28;;;;;4897.5;-873.2969
-1;66300;BANANAS;4893;25;;;;;4900;25;;;;;4896.5;-879.41406
-1;66300;PEARLS;9995;25;;;;;9998;1;10005;25;;;9996.5;522.0
-1;66400;BANANAS;4893;29;;;;;4898;6;4899;29;;;4895.5;-872.4531
-1;66400;PEARLS;9996;1;9995;28;;;10002;6;10004;1;10005;28;9999.0;524.0
-1;66500;BANANAS;4892;23;;;;;4898;2;4899;22;;;4895.0;-875.6172
-1;66500;PEARLS;9996;2;9995;22;;;10004;2;10005;22;;;10000.0;524.0
-1;66600;PEARLS;9995;25;;;;;10002;8;10005;25;;;9998.5;524.0
-1;66600;BANANAS;4895;1;4892;25;;;4897;8;4899;25;;;4896.0;-858.1172
-1;66700;BANANAS;4894;6;4893;1;4892;30;4898;30;;;;;4896.0;-854.3047
-1;66700;PEARLS;9998;1;9995;30;;;10005;30;;;;;10001.5;524.0
-1;66800;BANANAS;4891;24;;;;;4898;24;;;;;4894.5;-846.1797
-1;66800;PEARLS;9996;2;9995;22;;;9998;1;10004;2;10005;22;9997.0;524.0
-1;66900;BANANAS;4891;29;;;;;4898;29;;;;;4894.5;-837.35156
-1;66900;PEARLS;9996;1;9995;28;;;10004;1;10005;28;;;10000.0;526.0
-1;67000;PEARLS;10002;4;9996;2;9995;30;10004;2;10005;30;;;10003.0;526.0
-1;67000;BANANAS;4892;2;4891;30;;;4893;5;4898;32;;;4892.5;-830.1406
-1;67100;BANANAS;4891;22;;;;;4892;1;4896;4;4898;22;4891.5;-585.6094
-1;67100;PEARLS;9996;1;9995;21;;;10002;4;10004;1;10005;21;9999.0;534.0
-1;67200;BANANAS;4891;30;;;;;4897;2;4898;28;;;4894.0;-522.3594
-1;67200;PEARLS;9996;2;9995;28;;;10004;2;10005;28;;;10000.0;534.0
-1;67300;BANANAS;4891;1;4890;25;;;4895;3;4897;26;;;4893.0;-526.2422
-1;67300;PEARLS;9996;1;9995;25;;;10002;3;10004;1;10005;25;9999.0;534.0
-1;67400;PEARLS;9996;1;9995;29;;;9998;5;10004;1;10005;29;9997.0;534.0
-1;67400;BANANAS;4891;30;;;;;4897;1;4898;29;;;4894.0;-520.7656
-1;67500;PEARLS;9996;1;9995;28;;;10004;1;10005;28;;;10000.0;544.0
-1;67500;BANANAS;4892;1;4891;28;;;4898;29;;;;;4895.0;-529.1797
-1;67600;BANANAS;4891;31;;;;;4897;31;;;;;4894.0;-530.4531
-1;67600;PEARLS;9996;1;9995;30;;;10004;1;10005;30;;;10000.0;544.0
-1;67700;BANANAS;4892;2;4891;21;;;4898;21;;;;;4895.0;-531.5625
-1;67700;PEARLS;10002;1;9998;2;9995;21;10005;21;;;;;10003.5;544.0
-1;67800;BANANAS;4892;23;;;;;4898;23;;;;;4895.0;-537.9453
-1;67800;PEARLS;9996;2;9995;21;;;9998;1;10004;2;10005;21;9997.0;546.0
-1;67900;PEARLS;9996;2;9995;20;;;10002;4;10004;2;10005;20;9999.0;548.0
-1;67900;BANANAS;4893;2;4892;20;;;4897;4;4899;22;;;4895.0;-535.9453
-1;68000;PEARLS;9995;30;;;;;10005;30;;;;;10000.0;548.0
-1;68000;BANANAS;4892;30;;;;;4899;30;;;;;4895.5;-540.6172
-1;68100;BANANAS;4892;26;;;;;4899;26;;;;;4895.5;-533.2344
-1;68100;PEARLS;9995;26;;;;;10005;26;;;;;10000.0;548.0
-1;68200;PEARLS;9996;2;9995;24;;;10004;2;10005;24;;;10000.0;548.0
-1;68200;BANANAS;4892;26;;;;;4895;5;4898;2;4899;24;4893.5;-537.16406
-1;68300;PEARLS;9996;1;9995;26;;;10004;1;10005;26;;;10000.0;548.0
-1;68300;BANANAS;4892;1;4891;26;;;4898;27;;;;;4895.0;-531.7656
-1;68400;PEARLS;9998;6;9995;28;;;10005;28;;;;;10001.5;548.0
-1;68400;BANANAS;4892;34;;;;;4898;28;;;;;4895.0;-533.8281
-1;68500;BANANAS;4893;2;4892;24;;;4899;24;;;;;4896.0;-538.5078
-1;68500;PEARLS;9998;2;9996;1;9995;23;10004;1;10005;23;;;10001.0;548.0
-1;68600;PEARLS;9996;1;9995;30;;;10002;10;10004;1;10005;30;9999.0;548.0
-1;68600;BANANAS;4892;31;;;;;4897;10;4899;31;;;4894.5;-541.0781
-1;68700;PEARLS;10002;1;9998;7;9996;2;10004;2;10005;27;;;10003.0;548.0
-1;68700;BANANAS;4894;7;4893;29;;;4899;29;;;;;4896.5;-537.28125
-1;68800;PEARLS;9995;23;;;;;10005;23;;;;;10000.0;550.0
-1;68800;BANANAS;4893;23;;;;;4900;23;;;;;4896.5;-826.09375
-1;68900;BANANAS;4896;6;4893;21;;;4900;21;;;;;4898.0;-818.5
-1;68900;PEARLS;9995;21;;;;;10005;21;;;;;10000.0;550.0
-1;69000;BANANAS;4894;3;4893;21;;;4900;21;;;;;4897.0;-821.3281
-1;69000;PEARLS;9998;3;9996;1;9995;20;10004;1;10005;20;;;10001.0;550.0
-1;69100;PEARLS;9995;21;;;;;10005;21;;;;;10000.0;550.0
-1;69100;BANANAS;4893;21;;;;;4900;21;;;;;4896.5;-820.77344
-1;69200;PEARLS;9996;1;9995;26;;;10002;6;10004;1;10005;26;9999.0;550.0
-1;69200;BANANAS;4893;27;;;;;4898;6;4899;1;4900;26;4895.5;-827.1875
-1;69300;PEARLS;9996;2;9995;22;;;10004;2;10005;22;;;10000.0;550.0
-1;69300;BANANAS;4893;24;;;;;4899;2;4900;22;;;4896.0;-835.4219
-1;69400;BANANAS;4893;28;;;;;4899;1;4900;27;;;4896.0;-834.8672
-1;69400;PEARLS;10002;4;9996;1;9995;27;10004;1;10005;27;;;10003.0;550.0
-1;69500;PEARLS;10002;2;9998;3;9995;27;10005;27;;;;;10003.5;558.0
-1;69500;BANANAS;4894;3;4893;27;;;4900;27;;;;;4897.0;-827.83594
-1;69600;PEARLS;9996;1;9995;24;;;10002;4;10004;1;10005;24;9999.0;562.0
-1;69600;BANANAS;4893;25;;;;;4898;4;4900;25;;;4895.5;-821.09375
-1;69700;PEARLS;9996;2;9995;27;;;10004;2;10005;27;;;10000.0;562.0
-1;69700;BANANAS;4894;29;;;;;4901;29;;;;;4897.5;-817.10156
-1;69800;BANANAS;4895;1;4894;26;;;4901;28;;;;;4898.0;-813.65625
-1;69800;PEARLS;9996;2;9995;26;;;10004;2;10005;26;;;10000.0;562.0
-1;69900;PEARLS;9995;26;;;;;10005;26;;;;;10000.0;562.0
-1;69900;BANANAS;4895;26;;;;;4902;26;;;;;4898.5;-811.1172
-1;70000;PEARLS;9998;10;9996;1;9995;28;10004;1;10005;28;;;10001.0;562.0
-1;70000;BANANAS;4896;10;4895;29;;;4902;29;;;;;4899.0;-809.375
-1;70100;PEARLS;9995;27;;;;;10002;6;10005;27;;;9998.5;562.0
-1;70100;BANANAS;4895;27;;;;;4900;6;4902;27;;;4897.5;-803.2344
-1;70200;BANANAS;4896;1;4895;25;;;4902;26;;;;;4899.0;-795.1797
-1;70200;PEARLS;9996;1;9995;25;;;10000;3;10004;1;10005;25;9998.0;562.0
-1;70300;PEARLS;9995;25;;;;;10005;25;;;;;10000.0;562.0
-1;70300;BANANAS;4895;25;;;;;4902;25;;;;;4898.5;-778.5078
-1;70400;PEARLS;9996;2;9995;29;;;10002;4;10004;2;10005;29;9999.0;562.0
-1;70400;BANANAS;4895;31;;;;;4900;9;4902;31;;;4897.5;-773.78125
-1;70500;PEARLS;9995;24;;;;;10005;24;;;;;10000.0;562.0
-1;70500;BANANAS;4895;24;;;;;4902;24;;;;;4898.5;-784.2422
-1;70600;BANANAS;4900;1;4895;2;4894;27;4901;29;;;;;4900.5;-773.6719
-1;70600;PEARLS;9996;2;9995;27;;;10004;2;10005;27;;;10000.0;562.0
-1;70700;PEARLS;9995;24;;;;;10002;2;10005;24;;;9998.5;562.0
-1;70700;BANANAS;4894;24;;;;;4899;2;4901;24;;;4896.5;-771.58594
-1;70800;PEARLS;9996;2;9995;30;;;9998;1;10004;2;10005;30;9997.0;562.0
-1;70800;BANANAS;4895;1;4894;30;;;4901;32;;;;;4898.0;-765.27344
-1;70900;PEARLS;9995;29;;;;;10005;29;;;;;10000.0;564.0
-1;70900;BANANAS;4894;29;;;;;4901;29;;;;;4897.5;-752.9219
-1;71000;BANANAS;4899;1;4894;31;;;4901;31;;;;;4900.0;-752.4219
-1;71000;PEARLS;9996;2;9995;29;;;10004;2;10005;29;;;10000.0;564.0
-1;71100;PEARLS;9996;2;9995;20;;;10004;2;10005;20;;;10000.0;564.0
-1;71100;BANANAS;4895;22;;;;;4896;7;4901;2;4902;20;4895.5;-750.2969
-1;71200;PEARLS;9996;2;9995;24;;;10004;2;10005;24;;;10000.0;564.0
-1;71200;BANANAS;4896;2;4895;24;;;4902;26;;;;;4899.0;-753.3906
-1;71300;PEARLS;9995;20;;;;;10005;20;;;;;10000.0;564.0
-1;71300;BANANAS;4895;20;;;;;4902;20;;;;;4898.5;-765.9531
-1;71400;BANANAS;4895;30;;;;;4902;30;;;;;4898.5;-755.3047
-1;71400;PEARLS;9998;1;9995;30;;;10005;30;;;;;10001.5;564.0
-1;71500;PEARLS;9996;1;9995;30;;;10004;1;10005;30;;;10000.0;564.0
-1;71500;BANANAS;4895;31;;;;;4902;31;;;;;4898.5;-781.58594
-1;71600;PEARLS;9995;22;;;;;10005;22;;;;;10000.0;564.0
-1;71600;BANANAS;4895;22;;;;;4902;22;;;;;4898.5;-786.4219
-1;71700;PEARLS;9995;28;;;;;10005;28;;;;;10000.0;564.0
-1;71700;BANANAS;4895;28;;;;;4902;28;;;;;4898.5;-789.3281
-1;71800;BANANAS;4895;2;4894;20;;;4901;22;;;;;4898.0;-795.1719
-1;71800;PEARLS;9996;2;9995;20;;;10004;2;10005;20;;;10000.0;564.0
-1;71900;PEARLS;9996;2;9995;20;;;10004;2;10005;20;;;10000.0;564.0
-1;71900;BANANAS;4894;22;;;;;4897;5;4901;22;;;4895.5;-796.6875
-1;72000;PEARLS;9995;29;;;;;10002;8;10005;29;;;9998.5;564.0
-1;72000;BANANAS;4893;29;;;;;4898;8;4900;29;;;4895.5;-806.03906
-1;72100;BANANAS;4893;28;;;;;4894;3;4898;1;4900;28;4893.5;-798.59375
-1;72100;PEARLS;9996;2;9995;26;;;10002;1;10004;2;10005;26;9999.0;564.0
-1;72200;BANANAS;4893;1;4892;20;;;4899;21;;;;;4896.0;-786.53125
-1;72200;PEARLS;9996;1;9995;20;;;10004;1;10005;20;;;10000.0;564.0
-1;72300;BANANAS;4893;30;;;;;4899;1;4900;29;;;4896.0;-777.28906
-1;72300;PEARLS;9996;1;9995;29;;;10004;1;10005;29;;;10000.0;564.0
-1;72400;PEARLS;9995;24;;;;;10005;24;;;;;10000.0;564.0
-1;72400;BANANAS;4893;24;;;;;4900;24;;;;;4896.5;-776.5547
-1;72500;PEARLS;9996;2;9995;28;;;10004;2;10005;28;;;10000.0;564.0
-1;72500;BANANAS;4893;30;;;;;4899;2;4900;28;;;4896.0;-777.375
-1;72600;BANANAS;4895;4;4892;24;;;4899;24;;;;;4897.0;-773.2031
-1;72600;PEARLS;9996;2;9995;22;;;10004;2;10005;22;;;10000.0;564.0
-1;72700;PEARLS;9995;29;;;;;10005;29;;;;;10000.0;564.0
-1;72700;BANANAS;4892;29;;;;;4899;29;;;;;4895.5;-783.53906
-1;72800;PEARLS;9995;30;;;;;10005;30;;;;;10000.0;564.0
-1;72800;BANANAS;4893;30;;;;;4900;30;;;;;4896.5;-789.4922
-1;72900;PEARLS;9996;1;9995;23;;;10004;1;10005;23;;;10000.0;564.0
-1;72900;BANANAS;4893;24;;;;;4899;24;;;;;4896.0;-794.53125
-1;73000;BANANAS;4893;26;;;;;4900;26;;;;;4896.5;-799.6094
-1;73000;PEARLS;9996;2;9995;24;;;10004;2;10005;24;;;10000.0;564.0
-1;73100;PEARLS;9996;2;9995;24;;;10002;5;10004;2;10005;24;9999.0;564.0
-1;73100;BANANAS;4893;26;;;;;4897;5;4899;26;;;4895.0;-802.3047
-1;73200;PEARLS;9996;1;9995;30;;;10004;1;10005;30;;;10000.0;564.0
-1;73200;BANANAS;4893;31;;;;;4900;31;;;;;4896.5;-816.78906
-1;73300;PEARLS;9996;2;9995;22;;;10004;2;10005;22;;;10000.0;564.0
-1;73300;BANANAS;4897;2;4893;24;;;4900;24;;;;;4898.5;-808.14844
-1;73400;BANANAS;4893;30;;;;;4898;6;4899;1;4900;29;4895.5;-819.3125
-1;73400;PEARLS;9996;1;9995;29;;;9998;1;10002;6;10004;1;9997.0;564.0
-1;73500;BANANAS;4893;21;;;;;4899;21;;;;;4896.0;-827.64844
-1;73500;PEARLS;9995;21;;;;;9998;1;10005;21;;;9996.5;566.0
-1;73600;PEARLS;10002;1;9995;21;;;10005;21;;;;;10003.5;568.0
-1;73600;BANANAS;4893;21;;;;;4900;21;;;;;4896.5;-813.2344
-1;73700;BANANAS;4898;1;4892;20;;;4899;20;;;;;4898.5;-810.8203
-1;73700;PEARLS;9995;20;;;;;9998;10;10005;20;;;9996.5;570.0
-1;73800;BANANAS;4893;6;4892;27;;;4899;27;;;;;4896.0;-811.0547
-1;73800;PEARLS;10002;1;9998;6;9995;27;10005;27;;;;;10003.5;586.0
-1;73900;BANANAS;4893;5;4892;22;;;4899;24;;;;;4896.0;-821.1719
-1;73900;PEARLS;9998;3;9996;2;9995;22;10004;2;10005;22;;;10001.0;588.0
-1;74000;PEARLS;9995;21;;;;;10005;21;;;;;10000.0;588.0
-1;74000;BANANAS;4892;21;;;;;4895;3;4899;21;;;4893.5;-821.66406
-1;74100;BANANAS;4892;28;;;;;4898;26;;;;;4895.0;-822.1797
-1;74100;PEARLS;9998;2;9996;2;9995;24;10004;2;10005;24;;;10001.0;588.0
-1;74200;BANANAS;4891;29;;;;;4898;29;;;;;4894.5;-818.78125
-1;74200;PEARLS;9995;29;;;;;10005;29;;;;;10000.0;588.0
-1;74300;BANANAS;4891;24;;;;;4892;11;4898;24;;;4891.5;-817.5156
-1;74300;PEARLS;9995;24;;;;;10005;24;;;;;10000.0;588.0
-1;74400;PEARLS;9995;21;;;;;10005;21;;;;;10000.0;588.0
-1;74400;BANANAS;4891;20;;;;;4898;21;;;;;4894.5;-283.29688
-1;74500;BANANAS;4894;1;4891;27;;;4897;27;;;;;4895.5;-282.08594
-1;74500;PEARLS;9995;27;;;;;10005;27;;;;;10000.0;588.0
-1;74600;BANANAS;4891;1;4890;27;;;4897;29;;;;;4894.0;-278.8125
-1;74600;PEARLS;9996;2;9995;27;;;10004;2;10005;27;;;10000.0;588.0
-1;74700;BANANAS;4890;22;;;;;4896;2;4897;20;;;4893.0;-277.6914
-1;74700;PEARLS;9996;2;9995;20;;;9998;1;10004;2;10005;20;9997.0;588.0
-1;74800;PEARLS;9996;2;9995;22;;;9998;2;10004;2;10005;22;9997.0;590.0
-1;74800;BANANAS;4890;24;;;;;4896;24;;;;;4893.0;-276.875
-1;74900;BANANAS;4890;22;;;;;4895;3;4896;1;4897;21;4892.5;-271.09766
-1;74900;PEARLS;9996;1;9995;21;;;9998;1;10002;3;10004;1;9997.0;590.0
-1;75000;BANANAS;4890;25;;;;;4896;25;;;;;4893.0;-268.53125
-1;75000;PEARLS;9996;2;9995;23;;;10004;2;10005;23;;;10000.0;590.0
-1;75100;BANANAS;4891;5;4890;23;;;4897;23;;;;;4894.0;-268.6289
-1;75100;PEARLS;10002;1;10000;4;9998;5;10004;2;10005;21;;;10003.0;590.0
-1;75200;PEARLS;9996;1;9995;28;;;10004;1;10005;28;;;10000.0;592.0
-1;75200;BANANAS;4895;13;4890;29;;;4897;29;;;;;4896.0;-269.8125
-1;75300;BANANAS;4891;27;;;;;4892;1;4898;27;;;4891.5;-763.5625
-1;75300;PEARLS;9995;27;;;;;10005;27;;;;;10000.0;592.0
-1;75400;BANANAS;4896;5;4892;28;;;4899;28;;;;;4897.5;-722.03906
-1;75400;PEARLS;9996;2;9995;26;;;10004;2;10005;26;;;10000.0;592.0
-1;75500;BANANAS;4892;24;;;;;4898;24;;;;;4895.0;-758.6719
-1;75500;PEARLS;9996;1;9995;23;;;10004;1;10005;23;;;10000.0;592.0
-1;75600;PEARLS;9995;30;;;;;10002;9;10005;30;;;9998.5;592.0
-1;75600;BANANAS;4892;30;;;;;4897;9;4899;30;;;4894.5;-760.4219
-1;75700;BANANAS;4892;20;;;;;4897;1;4899;20;;;4894.5;-761.35156
-1;75700;PEARLS;9995;20;;;;;10002;1;10005;20;;;9998.5;592.0
-1;75800;BANANAS;4892;31;;;;;4899;31;;;;;4895.5;-742.375
-1;75800;PEARLS;9996;2;9995;29;;;10004;2;10005;29;;;10000.0;592.0
-1;75900;BANANAS;4892;21;;;;;4895;1;4898;21;;;4893.5;-748.8125
-1;75900;PEARLS;9996;1;9995;20;;;10004;1;10005;20;;;10000.0;592.0
-1;76000;PEARLS;10000;4;9995;21;;;10002;9;10005;21;;;10001.0;592.0
-1;76000;BANANAS;4892;21;;;;;4897;9;4898;21;;;4894.5;-750.9844
-1;76100;BANANAS;4892;26;;;;;4898;1;4899;25;;;4895.0;-752.3203
-1;76100;PEARLS;9996;1;9995;25;;;10004;1;10005;25;;;10000.0;592.0
-1;76200;BANANAS;4892;20;;;;;4899;20;;;;;4895.5;-757.375
-1;76200;PEARLS;9995;20;;;;;10005;20;;;;;10000.0;592.0
-1;76300;BANANAS;4892;22;;;;;4893;1;4899;22;;;4892.5;-747.1719
-1;76300;PEARLS;9996;1;9995;21;;;9998;12;10004;1;10005;21;9997.0;592.0
-1;76400;BANANAS;4893;2;4892;26;;;4899;28;;;;;4896.0;-688.58594
-1;76400;PEARLS;9996;2;9995;26;;;10004;2;10005;26;;;10000.0;594.0
-1;76500;PEARLS;9996;1;9995;20;;;10004;1;10005;20;;;10000.0;594.0
-1;76500;BANANAS;4893;21;;;;;4899;1;4900;20;;;4896.0;-677.0
-1;76600;BANANAS;4898;1;4893;30;;;4900;30;;;;;4899.0;-670.47656
-1;76600;PEARLS;9995;30;;;;;10005;30;;;;;10000.0;594.0
-1;76700;BANANAS;4894;1;4893;26;;;4900;26;;;;;4897.0;-719.15625
-1;76700;PEARLS;9998;1;9996;1;9995;25;10004;1;10005;25;;;10001.0;594.0
-1;76800;PEARLS;9996;2;9995;25;;;10004;2;10005;25;;;10000.0;594.0
-1;76800;BANANAS;4893;27;;;;;4894;1;4900;27;;;4893.5;-724.59375
-1;76900;PEARLS;9996;2;9995;21;;;10004;2;10005;21;;;10000.0;594.0
-1;76900;BANANAS;4894;2;4893;21;;;4900;23;;;;;4897.0;-679.66406
-1;77000;PEARLS;9996;2;9995;30;;;10004;2;10005;30;;;10000.0;594.0
-1;77000;BANANAS;4894;2;4893;30;;;4900;32;;;;;4897.0;-675.0781
-1;77100;BANANAS;4894;29;;;;;4900;30;;;;;4897.0;-680.09375
-1;77100;PEARLS;9996;1;9995;29;;;10004;1;10005;29;;;10000.0;594.0
-1;77200;PEARLS;9996;1;9995;29;;;10004;1;10005;29;;;10000.0;594.0
-1;77200;BANANAS;4894;30;;;;;4901;30;;;;;4897.5;-667.5
-1;77300;PEARLS;9996;1;9995;23;;;10004;1;10005;23;;;10000.0;594.0
-1;77300;BANANAS;4895;1;4894;23;;;4901;24;;;;;4898.0;-675.5
-1;77400;PEARLS;9996;1;9995;21;;;10004;1;10005;21;;;10000.0;594.0
-1;77400;BANANAS;4894;22;;;;;4901;22;;;;;4897.5;-714.125
-1;77500;BANANAS;4895;28;;;;;4901;28;;;;;4898.0;-717.5625
-1;77500;PEARLS;9996;2;9995;26;;;9998;3;10004;2;10005;26;9997.0;594.0
-1;77600;PEARLS;9996;1;9995;30;;;10004;1;10005;30;;;10000.0;594.0
-1;77600;BANANAS;4894;31;;;;;4901;31;;;;;4897.5;-716.34375
-1;77700;PEARLS;9998;4;9995;28;;;10005;28;;;;;10001.5;594.0
-1;77700;BANANAS;4895;5;4894;28;;;4901;28;;;;;4898.0;-707.0
-1;77800;PEARLS;9995;29;;;;;10005;29;;;;;10000.0;594.0
-1;77800;BANANAS;4894;29;;;;;4901;29;;;;;4897.5;-711.4375
-1;77900;PEARLS;9996;2;9995;24;;;9998;1;10004;2;10005;24;9997.0;594.0
-1;77900;BANANAS;4895;2;4894;24;;;4901;26;;;;;4898.0;-728.1875
-1;78000;BANANAS;4895;2;4894;27;;;4901;28;;;;;4898.0;-729.09375
-1;78000;PEARLS;9998;2;9996;1;9995;27;10004;1;10005;27;;;10001.0;594.0
-1;78100;PEARLS;10002;1;9998;4;9996;1;10004;1;10005;30;;;10003.0;594.0
-1;78100;BANANAS;4896;4;4895;31;;;4901;31;;;;;4898.5;-727.6406
-1;78200;PEARLS;9998;8;9996;1;9995;27;10004;1;10005;27;;;10001.0;596.0
-1;78200;BANANAS;4895;8;4894;28;;;4901;28;;;;;4898.0;-721.0469
-1;78300;PEARLS;9998;3;9995;28;;;10005;28;;;;;10001.5;596.0
-1;78300;BANANAS;4895;3;4894;28;;;4900;28;;;;;4897.5;-719.84375
-1;78400;BANANAS;4894;28;;;;;4900;2;4901;26;;;4897.0;-727.27344
-1;78400;PEARLS;9996;2;9995;26;;;10004;2;10005;26;;;10000.0;596.0
-1;78500;PEARLS;9995;21;;;;;10005;21;;;;;10000.0;596.0
-1;78500;BANANAS;4893;21;;;;;4900;21;;;;;4896.5;-713.5469
-1;78600;PEARLS;9996;2;9995;30;;;10004;2;10005;30;;;10000.0;596.0
-1;78600;BANANAS;4894;32;;;;;4900;32;;;;;4897.0;-716.3906
-1;78700;PEARLS;9995;21;;;;;10005;21;;;;;10000.0;596.0
-1;78700;BANANAS;4893;21;;;;;4900;21;;;;;4896.5;-706.3594
-1;78800;BANANAS;4900;1;4897;2;4895;2;4901;29;;;;;4900.5;-710.78906
-1;78800;PEARLS;10002;8;9996;2;9995;27;10004;2;10005;27;;;10003.0;596.0
-1;78900;PEARLS;9996;1;9995;29;;;10004;1;10005;29;;;10000.0;612.0
-1;78900;BANANAS;4894;1;4893;29;;;4900;30;;;;;4897.0;-719.6875
-1;79000;PEARLS;9996;1;9995;23;;;10004;1;10005;23;;;10000.0;612.0
-1;79000;BANANAS;4894;24;;;;;4901;24;;;;;4897.5;-716.91406
