day;timestamp;product;bid_price_1;bid_volume_1;bid_price_2;bid_volume_2;bid_price_3;bid_volume_3;ask_price_1;ask_volume_1;ask_price_2;ask_volume_2;ask_price_3;ask_volume_3;mid_price;profit_and_loss
-1;0;PEARLS;9998;1;9995;30;;;10005;30;;;;;10001.5;0.0
-1;0;BANANAS;4893;1;4892;30;;;4899;30;;;;;4896.0;0.0
-1;100;PEARLS;9996;1;9995;30;;;10002;6;10004;1;10005;30;9999.0;0.0
-1;100;BANANAS;4892;31;;;;;4896;7;4898;31;;;4894.0;0.0
-1;200;BANANAS;4892;22;;;;;4899;22;;;;;4895.5;0.0
-1;200;PEARLS;9996;1;9995;21;;;10004;1;10005;21;;;10000.0;0.0
-1;300;PEARLS;9996;2;9995;23;;;9998;3;10004;2;10005;23;9997.0;0.0
-1;300;BANANAS;4893;25;;;;;4899;2;4900;23;;;4896.0;0.0
-1;400;PEARLS;9998;5;9996;2;9995;23;10004;2;10005;23;;;10001.0;6.0
-1;400;BANANAS;4894;5;4893;25;;;4899;25;;;;;4896.5;0.0
-1;500;PEARLS;10002;1;9996;2;9995;22;10004;2;10005;22;;;10003.0;6.0
-1;500;BANANAS;4893;24;;;;;4899;24;;;;;4896.0;-470.9961
-1;600;BANANAS;4892;26;;;;;4897;9;4899;26;;;4894.5;-527.22656
-1;600;PEARLS;9996;2;9995;24;;;10002;9;10004;2;10005;24;9999.0;8.0
-1;700;PEARLS;9998;7;9995;27;;;10005;27;;;;;10001.5;8.0
-1;700;BANANAS;4892;7;4891;27;;;4898;27;;;;;4895.0;-525.2344
-1;800;PEARLS;9995;26;;;;;10005;26;;;;;10000.0;8.0
-1;800;BANANAS;4891;26;;;;;4898;26;;;;;4894.5;-513.0469
-1;900;BANANAS;4892;2;4891;27;;;4898;29;;;;;4895.0;-507.69922
-1;900;PEARLS;9996;2;9995;27;;;10004;2;10005;27;;;10000.0;8.0
-1;1000;BANANAS;4891;28;;;;;4897;2;4898;26;;;4894.0;-510.33203
-1;1000;PEARLS;9996;2;9995;26;;;10004;2;10005;26;;;10000.0;8.0
-1;1100;BANANAS;4891;25;;;;;4898;25;;;;;4894.5;-511.0078
-1;1100;PEARLS;9996;2;9995;23;;;10004;2;10005;23;;;10000.0;8.0
-1;1200;PEARLS;9998;9;9996;2;9995;28;10004;2;10005;28;;;10001.0;8.0
-1;1200;BANANAS;4892;9;4891;30;;;4898;30;;;;;4895.0;-514.5625
-1;1300;PEARLS;9996;1;9995;27;;;10004;1;10005;27;;;10000.0;8.0
-1;1300;BANANAS;4891;1;4890;27;;;4892;4;4897;28;;;4891.5;-516.6367
-1;1400;BANANAS;4891;1;4890;24;;;4897;26;;;;;4894.0;-297.2578
-1;1400;PEARLS;9996;2;9995;24;;;10004;2;10005;24;;;10000.0;8.0
-1;1500;PEARLS;10002;1;9996;2;9995;20;10004;2;10005;20;;;10003.0;8.0
-1;1500;BANANAS;4896;1;4891;2;4890;20;4897;22;;;;;4896.5;-294.84375
-1;1600;PEARLS;9996;1;9995;22;;;10004;1;10005;22;;;10000.0;10.0
-1;1600;BANANAS;4891;23;;;;;4897;23;;;;;4894.0;-349.02344
-1;1700;PEARLS;9995;27;;;;;10005;27;;;;;10000.0;10.0
-1;1700;BANANAS;4890;27;;;;;4893;2;4897;27;;;4891.5;-354.59766
-1;1800;BANANAS;4891;2;4890;25;;;4897;27;;;;;4894.0;-241.91406
-1;1800;PEARLS;9996;2;9995;25;;;10004;2;10005;25;;;10000.0;10.0
-1;1900;PEARLS;9996;2;9995;29;;;10004;2;10005;29;;;10000.0;10.0
-1;1900;BANANAS;4890;31;;;;;4897;31;;;;;4893.5;-239.41016
-1;2000;PEARLS;9996;1;9995;25;;;10002;7;10004;1;10005;25;9999.0;10.0
-1;2000;BANANAS;4890;26;;;;;4895;7;4896;1;4897;25;4892.5;-239.22266
-1;2100;PEARLS;9995;23;;;;;10005;23;;;;;10000.0;10.0
-1;2100;BANANAS;4890;23;;;;;4897;23;;;;;4893.5;-240.14648
-1;2200;BANANAS;4890;2;4889;30;;;4896;32;;;;;4893.0;-241.4961
-1;2200;PEARLS;9996;2;9995;30;;;10004;2;10005;30;;;10000.0;10.0
-1;2300;PEARLS;9996;2;9995;22;;;10004;2;10005;22;;;10000.0;10.0
-1;2300;BANANAS;4890;2;4889;22;;;4896;24;;;;;4893.0;-1066.4297
-1;2400;PEARLS;9998;4;9996;2;9995;23;10004;2;10005;23;;;10001.0;10.0
-1;2400;BANANAS;4894;3;4890;6;4889;23;4896;25;;;;;4895.0;-1090.7656
-1;2500;BANANAS;4890;21;;;;;4891;5;4896;1;4897;20;4890.5;-1084.0312
-1;2500;PEARLS;9996;1;9995;20;;;10004;1;10005;20;;;10000.0;10.0
-1;2600;BANANAS;4889;25;;;;;4896;25;;;;;4892.5;-785.6094
-1;2600;PEARLS;9995;25;;;;;10005;25;;;;;10000.0;10.0
-1;2700;BANANAS;4890;10;4889;24;;;4896;25;;;;;4893.0;-789.8828
-1;2700;PEARLS;9998;4;9996;1;9995;24;10004;1;10005;24;;;10001.0;10.0
-1;2800;PEARLS;9998;5;9995;29;;;10005;29;;;;;10001.5;10.0
-1;2800;BANANAS;4895;1;4891;5;4890;29;4897;29;;;;;4896.0;-786.66406
-1;2900;BANANAS;4891;25;;;;;4897;25;;;;;4894.0;-838.3828
-1;2900;PEARLS;10002;10;9996;2;9995;23;10004;2;10005;23;;;10003.0;10.0
-1;3000;BANANAS;4891;31;;;;;4897;31;;;;;4894.0;-839.0781
-1;3000;PEARLS;9996;2;9995;29;;;10004;2;10005;29;;;10000.0;30.0
-1;3100;BANANAS;4891;27;;;;;4897;2;4898;26;;;4894.0;-849.2969
-1;3100;PEARLS;9996;2;9995;26;;;10004;2;10005;26;;;10000.0;30.0
-1;3200;PEARLS;9996;2;9995;30;;;10002;6;10004;2;10005;30;9999.0;30.0
-1;3200;BANANAS;4891;32;;;;;4896;6;4898;32;;;4893.5;-845.4297
-1;3300;BANANAS;4891;28;;;;;4897;2;4898;26;;;4894.0;-836.6094
-1;3300;PEARLS;9996;2;9995;26;;;10004;2;10005;26;;;10000.0;30.0
-1;3400;BANANAS;4891;29;;;;;4897;2;4898;27;;;4894.0;-838.9922
-1;3400;PEARLS;9996;2;9995;27;;;10004;2;10005;27;;;10000.0;41.0
-1;3500;BANANAS;4891;30;;;;;4896;9;4897;2;4898;28;4893.5;-841.97656
-1;3500;PEARLS;9996;2;9995;28;;;10002;9;10004;2;10005;28;9999.0;41.0
-1;3600;PEARLS;9995;21;;;;;9998;1;10005;21;;;9996.5;41.0
-1;3600;BANANAS;4891;21;;;;;4898;21;;;;;4894.5;-851.7969
-1;3700;BANANAS;4892;31;;;;;4896;6;4898;31;;;4894.0;-851.72656
-1;3700;PEARLS;9996;2;9995;29;;;10000;5;10002;7;10004;2;9998.0;43.0
-1;3800;BANANAS;4892;30;;;;;4898;1;4899;29;;;4895.0;-1075.875
-1;3800;PEARLS;10002;1;9996;1;9995;29;10004;1;10005;29;;;10003.0;43.0
-1;3900;BANANAS;4893;1;4892;25;;;4898;25;;;;;4895.5;-1073.5
-1;3900;PEARLS;9998;1;9995;25;;;10005;25;;;;;10001.5;45.0
-1;4000;PEARLS;10002;9;9996;2;9995;27;10004;2;10005;27;;;10003.0;45.0
-1;4000;BANANAS;4892;2;4891;27;;;4898;29;;;;;4895.0;-1072.9766
-1;4100;BANANAS;4892;24;;;;;4899;24;;;;;4895.5;-1065.9141
-1;4100;PEARLS;9996;1;9995;23;;;10004;1;10005;23;;;10000.0;63.0
-1;4200;BANANAS;4892;26;;;;;4893;10;4899;28;;;4892.5;-1065.6094
-1;4200;PEARLS;9996;2;9995;26;;;10004;2;10005;26;;;10000.0;63.0
-1;4300;BANANAS;4892;31;;;;;4899;31;;;;;4895.5;-493.875
-1;4300;PEARLS;9996;2;9995;29;;;10004;2;10005;29;;;10000.0;63.0
-1;4400;PEARLS;9996;1;9995;26;;;9998;1;10004;1;10005;26;9997.0;67.0
-1;4400;BANANAS;4892;26;;;;;4899;27;;;;;4895.5;-439.86328
-1;4500;BANANAS;4892;27;;;;;4899;27;;;;;4895.5;-439.5703
-1;4500;PEARLS;9995;27;;;;;10005;27;;;;;10000.0;69.0
-1;4600;BANANAS;4893;1;4892;21;;;4899;22;;;;;4896.0;-440.6328
-1;4600;PEARLS;9996;1;9995;21;;;10004;1;10005;21;;;10000.0;69.0
-1;4700;BANANAS;4892;27;;;;;4893;8;4899;27;;;4892.5;-438.26172
-1;4700;PEARLS;9998;4;9996;1;9995;26;10004;1;10005;26;;;10001.0;69.0
-1;4800;PEARLS;10002;3;9996;1;9995;24;10004;1;10005;24;;;10003.0;69.0
-1;4800;BANANAS;4898;1;4893;1;4892;24;4899;25;;;;;4898.5;11.757324
-1;4900;BANANAS;4893;22;;;;;4899;22;;;;;4896.0;-39.029297
-1;4900;PEARLS;9995;22;;;;;9998;4;10005;22;;;9996.5;75.0
-1;5000;BANANAS;4893;4;4892;22;;;4899;23;;;;;4896.0;-40.458008
-1;5000;PEARLS;9998;3;9996;1;9995;22;10004;1;10005;22;;;10001.0;83.0
-1;5100;BANANAS;4894;7;4893;25;;;4899;25;;;;;4896.5;-40.898438
-1;5100;PEARLS;10002;1;9998;9;9995;25;10005;25;;;;;10003.5;83.0
-1;5200;PEARLS;9996;2;9995;22;;;10004;2;10005;22;;;10000.0;85.0
-1;5200;BANANAS;4893;24;;;;;4900;24;;;;;4896.5;-40.7041
-1;5300;PEARLS;9995;25;;;;;10005;25;;;;;10000.0;85.0
-1;5300;BANANAS;4893;25;;;;;4900;25;;;;;4896.5;-41.124023
-1;5400;BANANAS;4894;27;;;;;4899;8;4901;27;;;4896.5;-41.65039
-1;5400;PEARLS;9995;27;;;;;10000;6;10002;8;10005;27;9997.5;85.0
-1;5500;BANANAS;4895;1;4894;29;;;4901;30;;;;;4898.0;-1020.6094
-1;5500;PEARLS;9996;1;9995;29;;;10004;1;10005;29;;;10000.0;85.0
-1;5600;BANANAS;4896;8;4895;27;;;4901;1;4902;26;;;4898.5;-1010.78125
-1;5600;PEARLS;10002;1;9998;8;9996;1;10004;1;10005;26;;;10003.0;85.0
-1;5700;PEARLS;9998;4;9996;2;9995;23;10004;2;10005;23;;;10001.0;87.0
-1;5700;BANANAS;4897;2;4896;4;4895;25;4901;25;;;;;4899.0;-1025.3047
-1;5800;PEARLS;10002;1;9998;10;9995;24;10005;24;;;;;10003.5;87.0
-1;5800;BANANAS;4900;1;4895;10;4894;24;4901;24;;;;;4900.5;-1024.875
-1;5900;BANANAS;4895;21;;;;;4901;21;;;;;4898.0;-1021.7344
-1;5900;PEARLS;10000;5;9996;1;9995;20;10004;1;10005;20;;;10002.0;89.0
-1;6000;PEARLS;9996;2;9995;22;;;9998;4;10004;2;10005;22;9997.0;89.0
-1;6000;BANANAS;4895;2;4894;22;;;4901;24;;;;;4898.0;-1018.2344
-1;6100;PEARLS;9996;1;9995;24;;;10000;5;10002;2;10004;1;9998.0;97.0
-1;6100;BANANAS;4895;1;4894;24;;;4899;2;4901;25;;;4897.0;-1024.4766
-1;6200;PEARLS;9996;1;9995;29;;;10004;1;10005;29;;;10000.0;97.0
-1;6200;BANANAS;4894;29;;;;;4895;12;4901;30;;;4894.5;-1021.8203
-1;6300;BANANAS;4894;24;;;;;4901;25;;;;;4897.5;-358.2461
-1;6300;PEARLS;9995;25;;;;;10005;25;;;;;10000.0;97.0
-1;6400;PEARLS;10000;4;9995;23;;;10005;23;;;;;10002.5;97.0
-1;6400;BANANAS;4894;23;;;;;4901;23;;;;;4897.5;-675.6328
-1;6500;PEARLS;9995;20;;;;;10005;20;;;;;10000.0;97.0
-1;6500;BANANAS;4894;20;;;;;4901;20;;;;;4897.5;-678.4219
-1;6600;PEARLS;9996;1;9995;26;;;10004;1;10005;26;;;10000.0;97.0
-1;6600;BANANAS;4894;27;;;;;4901;27;;;;;4897.5;-684.08594
-1;6700;BANANAS;4894;28;;;;;4900;2;4901;26;;;4897.0;-999.78125
-1;6700;PEARLS;10002;4;9996;2;9995;26;10004;2;10005;26;;;10003.0;97.0
-1;6800;BANANAS;4894;1;4893;24;;;4899;1;4900;23;;;4896.5;-986.52344
-1;6800;PEARLS;9998;1;9996;1;9995;23;10004;1;10005;23;;;10001.0;97.0
-1;6900;PEARLS;9995;28;;;;;10005;28;;;;;10000.0;117.0
-1;6900;BANANAS;4898;1;4897;4;4893;28;4900;28;;;;;4899.0;-874.2344
-1;7000;PEARLS;10000;6;9998;7;9996;2;10004;2;10005;27;;;10002.0;117.0
-1;7000;BANANAS;4894;9;4893;27;;;4900;29;;;;;4897.0;-927.8672
-1;7100;PEARLS;9996;1;9995;29;;;10004;1;10005;29;;;10000.0;117.0
-1;7100;BANANAS;4893;30;;;;;4900;30;;;;;4896.5;-931.3047
-1;7200;BANANAS;4893;23;;;;;4899;2;4900;21;;;4896.0;-934.6406
-1;7200;PEARLS;9996;2;9995;21;;;10004;2;10005;21;;;10000.0;117.0
-1;7300;PEARLS;9996;2;9995;23;;;10002;4;10004;2;10005;23;9999.0;117.0
-1;7300;BANANAS;4893;25;;;;;4898;4;4900;25;;;4895.5;-979.3672
-1;7400;PEARLS;10002;1;9996;2;9995;28;10004;2;10005;28;;;10003.0;117.0
-1;7400;BANANAS;4894;30;;;;;4900;2;4901;28;;;4897.0;-975.90625
-1;7500;PEARLS;9995;29;;;;;10005;29;;;;;10000.0;119.0
-1;7500;BANANAS;4894;29;;;;;4901;29;;;;;4897.5;-973.4297
-1;7600;BANANAS;4895;2;4894;24;;;4901;26;;;;;4898.0;-960.71875
-1;7600;PEARLS;9996;2;9995;24;;;10004;2;10005;24;;;10000.0;119.0
-1;7700;PEARLS;9995;28;;;;;10005;28;;;;;10000.0;119.0
-1;7700;BANANAS;4900;1;4894;28;;;4901;28;;;;;4900.5;-841.72656
-1;7800;PEARLS;9996;1;9995;22;;;10004;1;10005;22;;;10000.0;119.0
-1;7800;BANANAS;4900;1;4895;1;4894;22;4901;23;;;;;4900.5;-951.5156
-1;7900;PEARLS;9996;1;9995;25;;;10002;4;10004;1;10005;25;9999.0;119.0
-1;7900;BANANAS;4895;26;;;;;4900;4;4901;1;4902;25;4897.5;-941.7031
-1;8000;BANANAS;4896;23;;;;;4902;23;;;;;4899.0;-940.66406
-1;8000;PEARLS;9996;1;9995;22;;;10004;1;10005;22;;;10000.0;119.0
-1;8100;PEARLS;9995;22;;;;;10005;22;;;;;10000.0;119.0
-1;8100;BANANAS;4896;22;;;;;4902;22;;;;;4899.0;-935.0156
-1;8200;PEARLS;9995;20;;;;;9998;1;10002;2;10005;20;9996.5;119.0
-1;8200;BANANAS;4896;20;;;;;4903;20;;;;;4899.5;-934.0703
-1;8300;PEARLS;10002;1;9998;6;9996;1;10004;1;10005;26;;;10003.0;121.0
-1;8300;BANANAS;4897;7;4896;26;;;4903;27;;;;;4900.0;-932.5781
-1;8400;BANANAS;4897;26;;;;;4904;26;;;;;4900.5;-926.59375
-1;8400;PEARLS;9995;26;;;;;10005;26;;;;;10000.0;123.0
-1;8500;PEARLS;9995;30;;;;;10005;30;;;;;10000.0;123.0
-1;8500;BANANAS;4899;5;4896;30;;;4903;30;;;;;4901.0;-915.71875
-1;8600;PEARLS;9996;1;9995;22;;;10004;1;10005;22;;;10000.0;123.0
-1;8600;BANANAS;4896;23;;;;;4903;23;;;;;4899.5;-913.53125
-1;8700;PEARLS;9996;1;9995;29;;;10004;1;10005;29;;;10000.0;123.0
-1;8700;BANANAS;4896;30;;;;;4898;1;4903;30;;;4897.0;-934.33594
-1;8800;BANANAS;4896;23;;;;;4897;4;4903;23;;;4896.5;-939.14844
-1;8800;PEARLS;9995;23;;;;;9998;12;10005;23;;;9996.5;123.0
-1;8900;PEARLS;10002;5;9996;1;9995;26;10004;1;10005;26;;;10003.0;147.0
-1;8900;BANANAS;4896;27;;;;;4902;1;4903;26;;;4899.0;-728.72656
-1;9000;PEARLS;9995;23;;;;;10002;7;10005;23;;;9998.5;157.0
-1;9000;BANANAS;4895;23;;;;;4900;7;4902;23;;;4897.5;-733.4531
-1;9100;PEARLS;9996;1;9995;30;;;10004;1;10005;30;;;10000.0;157.0
-1;9100;BANANAS;4896;31;;;;;4899;3;4903;31;;;4897.5;-741.4297
-1;9200;BANANAS;4896;24;;;;;4901;3;4903;24;;;4898.5;-735.77344
-1;9200;PEARLS;9995;24;;;;;10002;3;10005;24;;;9998.5;157.0
-1;9300;PEARLS;9995;23;;;;;10005;23;;;;;10000.0;157.0
-1;9300;BANANAS;4895;23;;;;;4902;23;;;;;4898.5;-735.3203
-1;9400;PEARLS;9996;2;9995;22;;;10004;2;10005;22;;;10000.0;157.0
-1;9400;BANANAS;4895;24;;;;;4902;24;;;;;4898.5;-738.71875
-1;9500;PEARLS;9998;9;9996;1;9995;28;10004;1;10005;28;;;10001.0;157.0
-1;9500;BANANAS;4897;9;4896;29;;;4902;1;4903;28;;;4899.5;-737.08594
-1;9600;BANANAS;4896;19;;;;;4902;20;;;;;4899.0;-734.28125
-1;9600;PEARLS;9995;20;;;;;10005;20;;;;;10000.0;157.0
-1;9700;PEARLS;9998;3;9995;25;;;10005;25;;;;;10001.5;157.0
-1;9700;BANANAS;4897;3;4896;25;;;4903;25;;;;;4900.0;-738.40625
-1;9800;PEARLS;9995;21;;;;;10002;5;10005;21;;;9998.5;157.0
-1;9800;BANANAS;4895;21;;;;;4900;5;4902;21;;;4897.5;-737.3906
-1;9900;BANANAS;4895;22;;;;;4902;22;;;;;4898.5;-735.3125
-1;9900;PEARLS;9995;22;;;;;10005;22;;;;;10000.0;157.0
-1;10000;BANANAS;4896;8;4895;31;;;4902;31;;;;;4899.0;-733.0
-1;10000;PEARLS;9998;8;9996;2;9995;29;10004;2;10005;29;;;10001.0;157.0
-1;10100;BANANAS;4895;22;;;;;4902;22;;;;;4898.5;-735.2031
-1;10100;PEARLS;9995;22;;;;;10005;22;;;;;10000.0;157.0
-1;10200;PEARLS;9996;2;9995;23;;;10004;2;10005;23;;;10000.0;157.0
-1;10200;BANANAS;4895;25;;;;;4901;2;4902;23;;;4898.0;-740.6406
-1;10300;PEARLS;9996;2;9995;20;;;10004;2;10005;20;;;10000.0;157.0
-1;10300;BANANAS;4895;22;;;;;4896;4;4901;2;4902;20;4895.5;-737.6172
-1;10400;BANANAS;4895;30;;;;;4902;30;;;;;4898.5;-632.6719
-1;10400;PEARLS;9995;30;;;;;10005;30;;;;;10000.0;157.0
-1;10500;PEARLS;9998;4;9996;1;9995;27;10004;1;10005;27;;;10001.0;157.0
-1;10500;BANANAS;4896;4;4895;28;;;4901;28;;;;;4898.5;-617.9297
-1;10600;PEARLS;9995;23;;;;;9998;2;10002;6;10005;23;9996.5;157.0
-1;10600;BANANAS;4895;23;;;;;4900;6;4902;23;;;4897.5;-618.2344
-1;10700;PEARLS;9998;1;9995;23;;;10005;23;;;;;10001.5;161.0
-1;10700;BANANAS;4896;1;4895;23;;;4902;23;;;;;4899.0;-621.90625
-1;10800;BANANAS;4896;3;4895;23;;;4902;23;;;;;4899.0;-632.10156
-1;10800;PEARLS;10002;1;9998;4;9995;23;10005;23;;;;;10003.5;161.0
-1;10900;PEARLS;9996;1;9995;29;;;10004;1;10005;29;;;10000.0;163.0
-1;10900;BANANAS;4895;1;4894;29;;;4901;30;;;;;4898.0;-639.9922
-1;11000;PEARLS;9996;1;9995;29;;;10004;1;10005;29;;;10000.0;163.0
-1;11000;BANANAS;4894;30;;;;;4900;1;4901;29;;;4897.0;-630.09375
-1;11100;PEARLS;9996;2;9995;29;;;10002;4;10004;2;10005;29;9999.0;163.0
-1;11100;BANANAS;4894;31;;;;;4899;4;4900;2;4901;29;4896.5;-629.25
-1;11200;BANANAS;4894;29;;;;;4901;29;;;;;4897.5;-629.71094
-1;11200;PEARLS;10002;1;9996;1;9995;28;10004;1;10005;28;;;10003.0;177.0
-1;11300;BANANAS;4898;1;4894;27;;;4900;1;4901;26;;;4899.0;-622.2578
-1;11300;PEARLS;9996;1;9995;26;;;10004;1;10005;26;;;10000.0;179.0
-1;11400;PEARLS;9998;2;9996;1;9995;23;10004;1;10005;23;;;10001.0;179.0
-1;11400;BANANAS;4895;3;4894;24;;;4900;1;4901;23;;;4897.5;-614.9219
-1;11500;BANANAS;4894;2;4893;28;;;4900;29;;;;;4897.0;-610.2578
-1;11500;PEARLS;9998;1;9996;1;9995;28;10004;1;10005;28;;;10001.0;179.0
-1;11600;BANANAS;4892;26;;;;;4899;26;;;;;4895.5;-606.66406
-1;11600;PEARLS;9995;26;;;;;10005;26;;;;;10000.0;179.0
-1;11700;BANANAS;4893;22;;;;;4899;1;4900;21;;;4896.0;-608.875
-1;11700;PEARLS;9996;1;9995;21;;;10004;1;10005;21;;;10000.0;179.0
-1;11800;PEARLS;9995;21;;;;;10005;21;;;;;10000.0;179.0
-1;11800;BANANAS;4893;21;;;;;4900;21;;;;;4896.5;-609.5781
-1;11900;BANANAS;4893;25;;;;;4900;25;;;;;4896.5;-600.5156
-1;11900;PEARLS;9995;25;;;;;10005;25;;;;;10000.0;179.0
-1;12000;BANANAS;4893;25;;;;;4900;25;;;;;4896.5;-595.78125
-1;12000;PEARLS;9995;25;;;;;10005;25;;;;;10000.0;179.0
-1;12100;BANANAS;4894;2;4893;20;;;4898;4;4900;22;;;4896.0;-586.0625
-1;12100;PEARLS;9996;2;9995;20;;;10002;3;10004;2;10005;20;9999.0;179.0
-1;12200;PEARLS;9998;10;9996;2;9995;26;10004;2;10005;26;;;10001.0;179.0
-1;12200;BANANAS;4894;12;4893;26;;;4900;28;;;;;4897.0;-593.21094
-1;12300;BANANAS;4893;24;;;;;4900;24;;;;;4896.5;-590.3281
-1;12300;PEARLS;9996;1;9995;23;;;10000;5;10004;1;10005;23;9998.0;179.0
-1;12400;BANANAS;4893;30;;;;;4899;1;4900;29;;;4896.0;-588.3281
-1;12400;PEARLS;9996;1;9995;29;;;10004;1;10005;29;;;10000.0;179.0
-1;12500;BANANAS;4892;31;;;;;4899;31;;;;;4895.5;-588.375
-1;12500;PEARLS;10002;5;9996;2;9995;29;10004;2;10005;29;;;10003.0;179.0
-1;12600;PEARLS;9998;5;9996;1;9995;30;10004;1;10005;30;;;10001.0;189.0
-1;12600;BANANAS;4893;5;4892;31;;;4898;1;4899;30;;;4895.5;-585.3672
-1;12700;BANANAS;4892;31;;;;;4899;31;;;;;4895.5;-592.33594
-1;12700;PEARLS;9996;2;9995;29;;;10004;2;10005;29;;;10000.0;189.0
-1;12800;BANANAS;4892;31;;;;;4896;3;4898;31;;;4894.0;-594.59375
-1;12800;PEARLS;9996;1;9995;30;;;10002;3;10004;1;10005;30;9999.0;189.0
-1;12900;BANANAS;4892;24;;;;;4899;24;;;;;4895.5;-598.8828
-1;12900;PEARLS;9995;24;;;;;10005;24;;;;;10000.0;189.0
-1;13000;PEARLS;9995;27;;;;;10005;27;;;;;10000.0;189.0
-1;13000;BANANAS;4892;27;;;;;4899;27;;;;;4895.5;-597.3672
-1;13100;BANANAS;4892;30;;;;;4899;30;;;;;4895.5;-600.4375
-1;13100;PEARLS;9996;2;9995;28;;;10004;2;10005;28;;;10000.0;189.0
-1;13200;BANANAS;4892;28;;;;;4899;28;;;;;4895.5;-596.4453
-1;13200;PEARLS;9995;28;;;;;10005;28;;;;;10000.0;189.0
-1;13300;BANANAS;4898;1;4893;2;4892;26;4899;28;;;;;4898.5;-600.0625
-1;13300;PEARLS;9996;2;9995;26;;;10004;2;10005;26;;;10000.0;189.0
-1;13400;PEARLS;10002;1;9996;1;9995;25;10004;1;10005;25;;;10003.0;189.0
-1;13400;BANANAS;4893;26;;;;;4900;26;;;;;4896.5;-649.97656
-1;13500;BANANAS;4896;4;4893;30;;;4898;9;4900;30;;;4897.0;-655.4531
-1;13500;PEARLS;9996;1;9995;29;;;10002;9;10004;1;10005;29;9999.0;191.0
-1;13600;BANANAS;4893;25;;;;;4899;2;4900;23;;;4896.0;-856.7578
-1;13600;PEARLS;9996;2;9995;23;;;10004;2;10005;23;;;10000.0;191.0
-1;13700;BANANAS;4896;5;4893;30;;;4897;7;4899;30;;;4896.5;-857.65625
-1;13700;PEARLS;10000;2;9996;2;9995;28;10002;7;10004;2;10005;28;10001.0;191.0
-1;13800;PEARLS;9996;1;9995;24;;;10004;1;10005;24;;;10000.0;191.0
-1;13800;BANANAS;4893;25;;;;;4899;1;4900;24;;;4896.0;-889.64844
-1;13900;BANANAS;4893;20;;;;;4898;2;4900;20;;;4895.5;-878.0469
-1;13900;PEARLS;9995;20;;;;;10002;2;10005;20;;;9998.5;191.0
-1;14000;BANANAS;4899;1;4894;27;;;4900;27;;;;;4899.5;-878.22656
-1;14000;PEARLS;9996;1;9995;26;;;10004;1;10005;26;;;10000.0;191.0
-1;14100;BANANAS;4894;2;4893;22;;;4900;24;;;;;4897.0;-870.3594
-1;14100;PEARLS;10000;3;9996;2;9995;22;10004;2;10005;22;;;10002.0;193.0
-1;14200;BANANAS;4894;2;4893;22;;;4900;24;;;;;4897.0;-869.1094
-1;14200;PEARLS;9996;2;9995;22;;;10004;2;10005;22;;;10000.0;193.0
-1;14300;PEARLS;9996;2;9995;28;;;10004;2;10005;28;;;10000.0;193.0
-1;14300;BANANAS;4894;30;;;;;4900;30;;;;;4897.0;-883.6875
-1;14400;BANANAS;4895;9;4894;23;;;4901;23;;;;;4898.0;-877.0781
-1;14400;PEARLS;9998;9;9996;1;9995;22;10004;1;10005;22;;;10001.0;193.0
-1;14500;BANANAS;4893;23;;;;;4894;1;4900;23;;;4893.5;-884.33594
-1;14500;PEARLS;9996;1;9995;22;;;10000;2;10004;1;10005;22;9998.0;193.0
-1;14600;PEARLS;9995;21;;;;;10002;3;10005;21;;;9998.5;193.0
-1;14600;BANANAS;4893;21;;;;;4898;3;4900;21;;;4895.5;-826.2344
-1;14700;PEARLS;9998;5;9996;2;9995;24;10004;2;10005;24;;;10001.0;193.0
-1;14700;BANANAS;4894;5;4893;26;;;4900;26;;;;;4897.0;-825.6875
-1;14800;PEARLS;9996;2;9995;21;;;10004;2;10005;21;;;10000.0;193.0
-1;14800;BANANAS;4894;1;4893;21;;;4900;23;;;;;4897.0;-828.8125
-1;14900;BANANAS;4893;30;;;;;4898;8;4900;30;;;4895.5;-826.34375
-1;14900;PEARLS;9996;2;9995;28;;;10002;8;10004;2;10005;28;9999.0;193.0
-1;15000;PEARLS;9996;1;9995;22;;;10004;1;10005;22;;;10000.0;193.0
-1;15000;BANANAS;4893;23;;;;;4894;1;4900;23;;;4893.5;-822.0156
-1;15100;PEARLS;10002;1;9996;1;9995;25;10004;1;10005;25;;;10003.0;193.0
-1;15100;BANANAS;4899;1;4894;26;;;4900;1;4901;25;;;4899.5;-776.89844
-1;15200;PEARLS;9998;3;9996;2;9995;23;10000;4;10004;2;10005;23;9999.0;195.0
-1;15200;BANANAS;4896;3;4894;5;4893;23;4900;25;;;;;4898.0;-833.4219
-1;15300;BANANAS;4894;3;4893;24;;;4900;24;;;;;4897.0;-823.5156
-1;15300;PEARLS;9998;3;9996;2;9995;22;10004;2;10005;22;;;10001.0;195.0
-1;15400;PEARLS;9996;2;9995;24;;;10002;4;10004;2;10005;24;9999.0;195.0
-1;15400;BANANAS;4893;26;;;;;4897;4;4899;26;;;4895.0;-819.2656
-1;15500;PEARLS;9998;5;9995;20;;;10005;20;;;;;10001.5;195.0
-1;15500;BANANAS;4898;1;4893;5;4892;20;4899;20;;;;;4898.5;-822.1406
-1;15600;PEARLS;9996;1;9995;23;;;10004;1;10005;23;;;10000.0;195.0
-1;15600;BANANAS;4892;24;;;;;4899;24;;;;;4895.5;-881.41406
-1;15700;PEARLS;9996;2;9995;20;;;10004;2;10005;20;;;10000.0;195.0
-1;15700;BANANAS;4892;22;;;;;4899;22;;;;;4895.5;-897.8594
-1;15800;BANANAS;4893;9;4892;26;;;4899;26;;;;;4896.0;-896.2578
-1;15800;PEARLS;9998;5;9996;2;9995;24;10004;2;10005;24;;;10001.0;195.0
-1;15900;PEARLS;9998;10;9995;27;;;10005;27;;;;;10001.5;195.0
-1;15900;BANANAS;4893;10;4892;27;;;4899;27;;;;;4896.0;-904.8906
-1;16000;PEARLS;9996;2;9995;25;;;10002;7;10004;2;10005;25;9999.0;195.0
-1;16000;BANANAS;4892;27;;;;;4897;7;4899;27;;;4894.5;-915.0156
-1;16100;PEARLS;9998;4;9995;29;;;10005;29;;;;;10001.5;195.0
-1;16100;BANANAS;4894;4;4893;29;;;4900;29;;;;;4897.0;-382.1289
-1;16200;BANANAS;4893;21;;;;;4894;1;4900;21;;;4893.5;-382.04688
-1;16200;PEARLS;9995;21;;;;;10005;21;;;;;10000.0;195.0
-1;16300;PEARLS;9996;2;9995;29;;;10002;2;10004;2;10005;29;9999.0;195.0
-1;16300;BANANAS;4893;2;4892;29;;;4897;2;4899;31;;;4895.0;-326.41016
-1;16400;PEARLS;9996;2;9995;22;;;9998;1;10004;2;10005;22;9997.0;195.0
-1;16400;BANANAS;4893;24;;;;;4899;2;4900;22;;;4896.0;-328.90234
-1;16500;PEARLS;9996;2;9995;25;;;10004;2;10005;25;;;10000.0;197.0
-1;16500;BANANAS;4893;27;;;;;4900;27;;;;;4896.5;-328.15625
-1;16600;BANANAS;4893;25;;;;;4899;2;4900;23;;;4896.0;-330.11328
-1;16600;PEARLS;9996;2;9995;23;;;10004;2;10005;23;;;10000.0;197.0
-1;16700;PEARLS;10002;3;9996;1;9995;23;10004;1;10005;23;;;10003.0;197.0
-1;16700;BANANAS;4893;23;;;;;4900;24;;;;;4896.5;-327.3828
-1;16800;PEARLS;9996;2;9995;30;;;10002;5;10004;2;10005;30;9999.0;203.0
-1;16800;BANANAS;4893;32;;;;;4898;5;4900;32;;;4895.5;-323.46094
-1;16900;PEARLS;9996;1;9995;23;;;10004;1;10005;23;;;10000.0;203.0
-1;16900;BANANAS;4894;1;4893;23;;;4900;24;;;;;4897.0;-426.8125
-1;17000;BANANAS;4893;23;;;;;4900;23;;;;;4896.5;-426.26172
-1;17000;PEARLS;9995;23;;;;;10005;23;;;;;10000.0;203.0
-1;17100;PEARLS;9998;6;9996;1;9995;30;10004;1;10005;30;;;10001.0;203.0
-1;17100;BANANAS;4894;6;4893;30;;;4900;31;;;;;4897.0;-433.20312
-1;17200;PEARLS;9998;6;9996;2;9995;24;10004;2;10005;24;;;10001.0;203.0
-1;17200;BANANAS;4894;6;4893;26;;;4900;26;;;;;4897.0;-435.8203
-1;17300;PEARLS;9995;28;;;;;9998;1;10002;3;10005;28;9996.5;203.0
-1;17300;BANANAS;4894;28;;;;;4895;2;4898;3;4900;28;4894.5;-441.85156
-1;17400;BANANAS;4893;25;;;;;4900;25;;;;;4896.5;-545.5781
-1;17400;PEARLS;9996;1;9995;24;;;10004;1;10005;24;;;10000.0;205.0
-1;17500;PEARLS;9996;1;9995;23;;;10004;1;10005;23;;;10000.0;205.0
-1;17500;BANANAS;4899;11;4894;24;;;4900;1;4901;23;;;4899.5;-550.27344
-1;17600;PEARLS;9995;27;;;;;10005;27;;;;;10000.0;205.0
-1;17600;BANANAS;4894;27;;;;;4901;27;;;;;4897.5;-886.0625
-1;17700;PEARLS;9996;1;9995;23;;;10004;1;10005;23;;;10000.0;205.0
-1;17700;BANANAS;4894;24;;;;;4901;24;;;;;4897.5;-879.72656
-1;17800;BANANAS;4894;23;;;;;4901;23;;;;;4897.5;-873.34375
-1;17800;PEARLS;9995;23;;;;;10005;23;;;;;10000.0;205.0
-1;17900;PEARLS;9998;8;9996;1;9995;29;10004;1;10005;29;;;10001.0;205.0
-1;17900;BANANAS;4895;9;4894;29;;;4901;30;;;;;4898.0;-872.5
-1;18000;PEARLS;9998;7;9996;2;9995;26;10004;2;10005;26;;;10001.0;205.0
-1;18000;BANANAS;4896;7;4895;28;;;4901;28;;;;;4898.5;-874.21094
-1;18100;PEARLS;9995;21;;;;;10005;21;;;;;10000.0;205.0
-1;18100;BANANAS;4895;21;;;;;4902;21;;;;;4898.5;-880.3828
-1;18200;BANANAS;4900;1;4895;1;4894;23;4901;24;;;;;4900.5;-881.7578
-1;18200;PEARLS;9996;1;9995;23;;;10004;1;10005;23;;;10000.0;205.0
-1;18300;PEARLS;9996;2;9995;27;;;10004;2;10005;27;;;10000.0;205.0
-1;18300;BANANAS;4894;29;;;;;4901;29;;;;;4897.5;-863.58594
-1;18400;PEARLS;9996;1;9995;29;;;10004;1;10005;29;;;10000.0;205.0
-1;18400;BANANAS;4894;30;;;;;4900;1;4901;29;;;4897.0;-876.5547
-1;18500;PEARLS;9998;3;9996;2;9995;30;10004;2;10005;30;;;10001.0;205.0
-1;18500;BANANAS;4894;5;4893;30;;;4900;32;;;;;4897.0;-876.3203
-1;18600;BANANAS;4894;1;4893;30;;;4898;10;4900;31;;;4896.0;-878.7422
-1;18600;PEARLS;9996;1;9995;30;;;10002;9;10004;1;10005;30;9999.0;205.0
-1;18700;BANANAS;4894;27;;;;;4900;2;4901;25;;;4897.0;-875.9531
-1;18700;PEARLS;10002;9;9996;2;9995;25;10004;2;10005;25;;;10003.0;205.0
-1;18800;PEARLS;9996;2;9995;22;;;10004;2;10005;22;;;10000.0;207.0
-1;18800;BANANAS;4895;24;;;;;4901;24;;;;;4898.0;-883.47656
-1;18900;BANANAS;4894;28;;;;;4901;28;;;;;4897.5;-888.96875
-1;18900;PEARLS;9996;1;9995;27;;;10004;1;10005;27;;;10000.0;207.0
-1;19000;BANANAS;4894;24;;;;;4899;7;4901;25;;;4896.5;-879.4453
-1;19000;PEARLS;9995;25;;;;;10002;7;10005;25;;;9998.5;207.0
-1;19100;PEARLS;9996;1;9995;28;;;10000;5;10004;1;10005;28;9998.0;207.0
-1;19100;BANANAS;4894;29;;;;;4900;1;4901;28;;;4897.0;-877.0781
-1;19200;PEARLS;9996;1;9995;28;;;10002;7;10004;1;10005;28;9999.0;207.0
-1;19200;BANANAS;4894;29;;;;;4899;7;4900;1;4901;28;4896.5;-882.4531
-1;19300;PEARLS;9996;2;9995;30;;;10004;2;10005;30;;;10000.0;207.0
-1;19300;BANANAS;4894;2;4893;30;;;4900;32;;;;;4897.0;-887.9844
-1;19400;BANANAS;4894;21;;;;;4899;3;4900;1;4901;20;4896.5;-898.08594
-1;19400;PEARLS;9996;1;9995;20;;;10002;3;10004;1;10005;20;9999.0;207.0
-1;19500;PEARLS;9996;2;9995;20;;;10004;2;10005;20;;;10000.0;207.0
-1;19500;BANANAS;4894;22;;;;;4900;2;4901;20;;;4897.0;-896.1875
-1;19600;PEARLS;9996;2;9995;29;;;10004;2;10005;29;;;10000.0;207.0
-1;19600;BANANAS;4894;31;;;;;4900;2;4901;29;;;4897.0;-898.7969
-1;19700;PEARLS;9996;1;9995;24;;;10002;2;10004;1;10005;24;9999.0;207.0
-1;19700;BANANAS;4894;1;4893;24;;;4898;2;4900;25;;;4896.0;-898.375
-1;19800;BANANAS;4893;20;;;;;4900;20;;;;;4896.5;-900.1094
-1;19800;PEARLS;10002;4;9995;20;;;10005;20;;;;;10003.5;207.0
-1;19900;PEARLS;9996;1;9995;27;;;10004;1;10005;27;;;10000.0;207.0
-1;19900;BANANAS;4893;28;;;;;4899;1;4900;27;;;4896.0;-897.0156
-1;20000;PEARLS;9996;1;9995;28;;;10002;4;10004;1;10005;28;9999.0;207.0
-1;20000;BANANAS;4893;29;;;;;4898;4;4899;1;4900;28;4895.5;-905.46094
-1;20100;PEARLS;9998;9;9996;2;9995;29;10004;2;10005;29;;;10001.0;207.0
-1;20100;BANANAS;4893;12;4892;29;;;4899;31;;;;;4896.0;-897.8906
-1;20200;BANANAS;4893;29;;;;;4900;29;;;;;4896.5;-899.6094
-1;20200;PEARLS;9995;29;;;;;10005;29;;;;;10000.0;207.0
-1;20300;BANANAS;4893;23;;;;;4899;23;;;;;4896.0;-891.9844
-1;20300;PEARLS;9996;2;9995;21;;;10004;2;10005;21;;;10000.0;207.0
-1;20400;PEARLS;9995;24;;;;;10005;24;;;;;10000.0;207.0
-1;20400;BANANAS;4892;24;;;;;4899;24;;;;;4895.5;-355.9375
-1;20500;BANANAS;4892;30;;;;;4899;30;;;;;4895.5;-356.67188
-1;20500;PEARLS;9995;30;;;;;10005;30;;;;;10000.0;207.0
-1;20600;BANANAS;4892;23;;;;;4899;23;;;;;4895.5;-366.95312
-1;20600;PEARLS;9996;2;9995;21;;;10004;2;10005;21;;;10000.0;207.0
-1;20700;BANANAS;4892;31;;;;;4893;1;4897;6;4898;1;4892.5;-418.0
-1;20700;PEARLS;9996;1;9995;30;;;10002;6;10004;1;10005;30;9999.0;207.0
-1;20800;PEARLS;9996;2;9995;23;;;10004;2;10005;23;;;10000.0;207.0
-1;20800;BANANAS;4896;1;4891;25;;;4898;25;;;;;4897.0;-369.41406
-1;20900;BANANAS;4891;24;;;;;4898;24;;;;;4894.5;-368.1914
-1;20900;PEARLS;9996;1;9995;23;;;10004;1;10005;23;;;10000.0;207.0
-1;21000;BANANAS;4891;27;;;;;4892;3;4898;27;;;4891.5;-371.44922
-1;21000;PEARLS;9995;27;;;;;10005;27;;;;;10000.0;207.0
-1;21100;BANANAS;4891;3;4890;28;;;4897;30;;;;;4894.0;-196.22656
-1;21100;PEARLS;9998;1;9996;2;9995;28;10004;2;10005;28;;;10001.0;207.0
-1;21200;PEARLS;9995;23;;;;;10005;23;;;;;10000.0;211.0
-1;21200;BANANAS;4890;23;;;;;4897;23;;;;;4893.5;-79.39258
-1;21300;BANANAS;4891;28;;;;;4897;29;;;;;4894.0;-79.77539
-1;21300;PEARLS;9995;29;;;;;10005;29;;;;;10000.0;211.0
-1;21400;BANANAS;4891;30;;;;;4898;30;;;;;4894.5;-81.93164
-1;21400;PEARLS;9995;30;;;;;10005;30;;;;;10000.0;211.0
-1;21500;BANANAS;4896;4;4892;2;4891;22;4898;24;;;;;4897.0;-79.70508
-1;21500;PEARLS;9996;2;9995;22;;;10004;2;10005;22;;;10000.0;211.0
-1;21600;PEARLS;10002;1;9995;29;;;10005;29;;;;;10003.5;211.0
-1;21600;BANANAS;4895;2;4892;29;;;4899;29;;;;;4897.0;-304.3164
-1;21700;BANANAS;4892;31;;;;;4897;10;4899;31;;;4894.5;-411.0586
-1;21700;PEARLS;9996;1;9995;30;;;10002;10;10004;1;10005;30;9999.0;213.0
-1;21800;BANANAS;4893;6;4892;28;;;4899;29;;;;;4896.0;-413.23047
-1;21800;PEARLS;9998;6;9996;1;9995;28;10004;1;10005;28;;;10001.0;213.0
-1;21900;BANANAS;4893;2;4892;28;;;4899;30;;;;;4896.0;-409.77734
-1;21900;PEARLS;9996;2;9995;28;;;10004;2;10005;28;;;10000.0;213.0
-1;22000;PEARLS;9996;1;9995;23;;;10000;2;10004;1;10005;23;9998.0;214.0
-1;22000;BANANAS;4891;23;;;;;4898;24;;;;;4894.5;-348.95703
-1;22100;BANANAS;4892;24;;;;;4898;2;4899;23;;;4895.0;-352.07812
-1;22100;PEARLS;9996;2;9995;23;;;10004;2;10005;23;;;10000.0;214.0
-1;22200;BANANAS;4892;28;;;;;4897;4;4898;1;4899;27;4894.5;-297.57422
-1;22200;PEARLS;9996;1;9995;27;;;10002;4;10004;1;10005;27;9999.0;215.0
-1;22300;BANANAS;4892;30;;;;;4898;30;;;;;4895.0;-299.92578
-1;22300;PEARLS;9996;1;9995;29;;;10004;1;10005;29;;;10000.0;215.0
-1;22400;PEARLS;10002;2;9996;2;9995;24;10004;2;10005;24;;;10003.0;215.0
-1;22400;BANANAS;4891;26;;;;;4898;26;;;;;4894.5;-298.8164
-1;22500;BANANAS;4891;27;;;;;4898;27;;;;;4894.5;-300.57422
-1;22500;PEARLS;10002;6;9995;27;;;10005;27;;;;;10003.5;219.0
-1;22600;BANANAS;4891;27;;;;;4896;9;4897;1;4898;26;4893.5;-300.04688
-1;22600;PEARLS;9996;1;9995;26;;;10002;9;10004;1;10005;26;9999.0;221.0
-1;22700;BANANAS;4891;28;;;;;4898;28;;;;;4894.5;-303.4453
-1;22700;PEARLS;9995;28;;;;;10005;28;;;;;10000.0;221.0
-1;22800;PEARLS;9996;1;9995;29;;;9998;3;10004;1;10005;29;9997.0;221.0
-1;22800;BANANAS;4892;1;4891;29;;;4898;30;;;;;4895.0;-296.97266
-1;22900;BANANAS;4892;2;4891;24;;;4898;26;;;;;4895.0;-297.76953
-1;22900;PEARLS;9996;2;9995;24;;;9998;1;10004;2;10005;24;9997.0;227.0
-1;23000;BANANAS;4892;3;4891;26;;;4897;2;4898;24;;;4894.5;-302.07812
-1;23000;PEARLS;9998;3;9996;2;9995;24;10004;2;10005;24;;;10001.0;229.0
-1;23100;BANANAS;4891;24;;;;;4896;10;4897;1;4898;23;4893.5;-300.75
-1;23100;PEARLS;9996;1;9995;23;;;10002;10;10004;1;10005;23;9999.0;229.0
-1;23200;BANANAS;4891;26;;;;;4896;10;4898;26;;;4893.5;-299.08594
-1;23200;PEARLS;9995;26;;;;;9998;1;10002;10;10005;26;9996.5;229.0
-1;23300;PEARLS;9995;22;;;;;10005;22;;;;;10000.0;231.0
-1;23300;BANANAS;4891;22;;;;;4897;22;;;;;4894.0;515.7539
-1;23400;BANANAS;4892;6;4891;21;;;4898;21;;;;;4895.0;515.90234
-1;23400;PEARLS;9998;6;9995;21;;;10005;21;;;;;10001.5;231.0
-1;23500;BANANAS;4894;2;4891;28;;;4898;28;;;;;4896.0;515.24023
-1;23500;PEARLS;9996;2;9995;26;;;10004;2;10005;26;;;10000.0;231.0
-1;23600;PEARLS;9995;21;;;;;10002;6;10005;21;;;9998.5;231.0
-1;23600;BANANAS;4890;21;;;;;4895;3;4897;21;;;4892.5;516.78906
-1;23700;PEARLS;9995;24;;;;;10005;24;;;;;10000.0;231.0
-1;23700;BANANAS;4890;24;;;;;4897;24;;;;;4893.5;514.54297
-1;23800;PEARLS;9996;2;9995;21;;;10004;2;10005;21;;;10000.0;231.0
-1;23800;BANANAS;4891;23;;;;;4897;2;4898;21;;;4894.0;515.1406
-1;23900;BANANAS;4896;1;4891;20;;;4897;20;;;;;4896.5;513.8906
-1;23900;PEARLS;9995;20;;;;;10005;20;;;;;10000.0;231.0
-1;24000;PEARLS;9996;1;9995;22;;;10002;6;10004;1;10005;22;9999.0;231.0
-1;24000;BANANAS;4891;1;4890;22;;;4895;6;4897;23;;;4893.0;456.9922
-1;24100;PEARLS;9996;2;9995;24;;;10004;2;10005;24;;;10000.0;231.0
-1;24100;BANANAS;4890;26;;;;;4897;26;;;;;4893.5;455.27344
-1;24200;PEARLS;9998;4;9996;2;9995;25;10004;2;10005;25;;;10001.0;231.0
-1;24200;BANANAS;4896;1;4892;5;4891;27;4897;27;;;;;4896.5;452.38867
-1;24300;BANANAS;4891;2;4890;21;;;4897;23;;;;;4894.0;396.7334
-1;24300;PEARLS;10002;6;9996;2;9995;21;10004;2;10005;21;;;10003.0;231.0
-1;24400;PEARLS;9995;25;;;;;10005;25;;;;;10000.0;241.0
-1;24400;BANANAS;4890;25;;;;;4897;25;;;;;4893.5;395.83105
-1;24500;PEARLS;9995;21;;;;;9998;2;10002;7;10005;21;9996.5;241.0
-1;24500;BANANAS;4894;4;4890;21;;;4895;7;4897;21;;;4894.5;398.30078
-1;24600;PEARLS;9996;1;9995;26;;;10004;1;10005;26;;;10000.0;245.0
-1;24600;BANANAS;4890;27;;;;;4896;27;;;;;4893.0;180.89014
-1;24700;PEARLS;9996;2;9995;20;;;10004;2;10005;20;;;10000.0;245.0
-1;24700;BANANAS;4890;22;;;;;4896;2;4897;20;;;4893.0;180.79248
-1;24800;BANANAS;4889;28;;;;;4896;28;;;;;4892.5;126.95703
-1;24800;PEARLS;9996;2;9995;26;;;10004;2;10005;26;;;10000.0;246.0
-1;24900;PEARLS;9998;5;9996;2;9995;28;10004;2;10005;28;;;10001.0;246.0
-1;24900;BANANAS;4890;7;4889;28;;;4896;30;;;;;4893.0;127.94824
-1;25000;PEARLS;9996;1;9995;26;;;10002;1;10004;1;10005;26;9999.0;246.0
-1;25000;BANANAS;4889;27;;;;;4894;1;4896;27;;;4891.5;127.71777
-1;25100;PEARLS;9995;23;;;;;10005;23;;;;;10000.0;246.0
-1;25100;BANANAS;4892;6;4889;23;;;4896;23;;;;;4894.0;129.01172
-1;25200;BANANAS;4890;25;;;;;4896;26;;;;;4893.0;520.0215
-1;25200;PEARLS;9996;2;9995;24;;;10004;2;10005;24;;;10000.0;247.0
-1;25300;PEARLS;9996;2;9995;24;;;10002;1;10004;2;10005;24;9999.0;247.0
-1;25300;BANANAS;4890;2;4889;24;;;4894;1;4896;26;;;4892.0;518.0469
-1;25400;PEARLS;9998;2;9996;2;9995;30;10004;2;10005;30;;;10001.0;248.0
-1;25400;BANANAS;4890;2;4889;32;;;4896;32;;;;;4893.0;577.0117
-1;25500;PEARLS;9998;3;9996;2;9995;23;10004;2;10005;23;;;10001.0;249.0
-1;25500;BANANAS;4890;3;4889;25;;;4896;25;;;;;4893.0;525.0371
-1;25600;BANANAS;4894;1;4889;31;;;4895;31;;;;;4894.5;525.5078
-1;25600;PEARLS;9996;1;9995;30;;;10004;1;10005;30;;;10000.0;249.0
-1;25700;PEARLS;9996;1;9995;22;;;10004;1;10005;22;;;10000.0;249.0
-1;25700;BANANAS;4889;23;;;;;4895;1;4896;22;;;4892.0;471.20703
-1;25800;PEARLS;9996;1;9995;27;;;10004;1;10005;27;;;10000.0;249.0
-1;25800;BANANAS;4889;28;;;;;4895;28;;;;;4892.0;470.72852
-1;25900;PEARLS;9995;28;;;;;10005;28;;;;;10000.0;249.0
-1;25900;BANANAS;4888;28;;;;;4895;28;;;;;4891.5;470.39844
-1;26000;BANANAS;4888;24;;;;;4893;7;4895;24;;;4890.5;470.88867
-1;26000;PEARLS;9995;24;;;;;10002;7;10005;24;;;9998.5;249.0
-1;26100;PEARLS;9995;25;;;;;10002;7;10005;25;;;9998.5;249.0
-1;26100;BANANAS;4888;25;;;;;4893;7;4895;25;;;4890.5;471.80078
-1;26200;PEARLS;9996;1;9995;25;;;10004;1;10005;25;;;10000.0;249.0
-1;26200;BANANAS;4888;26;;;;;4894;1;4895;25;;;4891.0;472.12695
-1;26300;PEARLS;9995;24;;;;;10005;24;;;;;10000.0;249.0
-1;26300;BANANAS;4888;24;;;;;4895;24;;;;;4891.5;471.54883
-1;26400;BANANAS;4888;28;;;;;4895;29;;;;;4891.5;472.01758
-1;26400;PEARLS;10002;3;9995;29;;;10005;29;;;;;10003.5;249.0
-1;26500;PEARLS;9996;1;9995;23;;;10002;4;10004;1;10005;23;9999.0;249.0
-1;26500;BANANAS;4888;24;;;;;4893;3;4895;24;;;4890.5;471.0
-1;26600;PEARLS;10002;3;9998;1;9996;1;10004;1;10005;21;;;10003.0;249.0
-1;26600;BANANAS;4889;1;4888;22;;;4894;1;4895;21;;;4891.5;361.875
-1;26700;PEARLS;9995;24;;;;;10000;6;10005;24;;;9997.5;249.0
-1;26700;BANANAS;4888;24;;;;;4895;24;;;;;4891.5;361.3623
-1;26800;BANANAS;4888;24;;;;;4895;24;;;;;4891.5;362.0244
-1;26800;PEARLS;9995;24;;;;;10005;24;;;;;10000.0;249.0
-1;26900;PEARLS;9995;27;;;;;9998;1;10002;5;10005;27;9996.5;249.0
-1;26900;BANANAS;4888;27;;;;;4893;5;4895;27;;;4890.5;361.5752
-1;27000;PEARLS;9996;1;9995;30;;;10002;7;10004;1;10005;30;9999.0;251.0
-1;27000;BANANAS;4889;31;;;;;4894;7;4895;31;;;4891.5;361.99512
-1;27100;PEARLS;9996;2;9995;22;;;10002;7;10004;2;10005;22;9999.0;251.0
-1;27100;BANANAS;4889;2;4888;22;;;4893;7;4895;24;;;4891.0;362.08203
-1;27200;BANANAS;4893;3;4890;2;4889;31;4895;31;;;;;4894.0;362.3506
-1;27200;PEARLS;9998;2;9996;2;9995;29;10004;2;10005;29;;;10001.0;251.0
-1;27300;PEARLS;10000;5;9996;2;9995;25;10004;2;10005;25;;;10002.0;251.0
-1;27300;BANANAS;4889;27;;;;;4895;27;;;;;4892.0;194.9043
-1;27400;PEARLS;9996;1;9995;24;;;10004;1;10005;24;;;10000.0;251.0
-1;27400;BANANAS;4889;25;;;;;4895;25;;;;;4892.0;195.01123
-1;27500;BANANAS;4888;26;;;;;4890;1;4893;10;4895;26;4889.0;195.2998
-1;27500;PEARLS;9996;2;9995;24;;;10002;10;10004;2;10005;24;9999.0;252.0
-1;27600;BANANAS;4888;23;;;;;4895;23;;;;;4891.5;254.0
-1;27600;PEARLS;9996;1;9995;22;;;9998;1;10004;1;10005;22;9997.0;252.0
-1;27700;BANANAS;4888;26;;;;;4895;26;;;;;4891.5;254.0
-1;27700;PEARLS;9996;2;9995;24;;;10004;2;10005;24;;;10000.0;254.0
-1;27800;PEARLS;9995;28;;;;;10005;28;;;;;10000.0;260.0
-1;27800;BANANAS;4888;28;;;;;4895;28;;;;;4891.5;80.015625
-1;27900;PEARLS;9996;1;9995;25;;;9998;4;10004;1;10005;25;9997.0;260.0
-1;27900;BANANAS;4888;26;;;;;4894;1;4895;25;;;4891.0;80.53613
-1;28000;BANANAS;4888;24;;;;;4893;9;4894;24;;;4890.5;82.8418
-1;28000;PEARLS;9995;24;;;;;10002;9;10005;24;;;9998.5;268.0
-1;28100;PEARLS;9995;22;;;;;10005;22;;;;;10000.0;269.0
-1;28100;BANANAS;4888;22;;;;;4895;22;;;;;4891.5;27.132812
-1;28200;PEARLS;9996;1;9995;29;;;10004;1;10005;29;;;10000.0;270.0
-1;28200;BANANAS;4888;1;4887;29;;;4894;30;;;;;4891.0;84.63965
-1;28300;PEARLS;9996;1;9995;23;;;10002;7;10004;1;10005;23;9999.0;270.0
-1;28300;BANANAS;4888;24;;;;;4892;7;4894;24;;;4890.0;83.83008
-1;28400;BANANAS;4887;21;;;;;4892;9;4894;21;;;4889.5;82.00781
-1;28400;PEARLS;9995;21;;;;;10002;9;10005;21;;;9998.5;270.0
-1;28500;PEARLS;9996;1;9995;30;;;10004;1;10005;30;;;10000.0;270.0
-1;28500;BANANAS;4892;1;4887;31;;;4894;31;;;;;4893.0;80.89844
-1;28600;PEARLS;9998;7;9996;2;9995;29;10004;2;10005;29;;;10001.0;270.0
-1;28600;BANANAS;4888;6;4887;31;;;4894;31;;;;;4891.0;19.492188
-1;28700;PEARLS;9996;1;9995;24;;;10004;1;10005;24;;;10000.0;270.0
-1;28700;BANANAS;4887;25;;;;;4893;1;4894;24;;;4890.0;17.677734
-1;28800;BANANAS;4887;2;4886;20;;;4893;22;;;;;4890.0;16.582031
-1;28800;PEARLS;9996;2;9995;20;;;10004;2;10005;20;;;10000.0;278.0
-1;28900;PEARLS;9995;22;;;;;10005;22;;;;;10000.0;278.0
-1;28900;BANANAS;4887;22;;;;;4894;22;;;;;4890.5;13.300781
-1;29000;PEARLS;9995;24;;;;;10005;24;;;;;10000.0;278.0
-1;29000;BANANAS;4887;24;;;;;4894;24;;;;;4890.5;12.519531
-1;29100;BANANAS;4888;9;4887;31;;;4893;2;4894;29;;;4890.5;-49.96289
-1;29100;PEARLS;9998;9;9996;2;9995;29;10004;2;10005;29;;;10001.0;279.0
-1;29200;BANANAS;4887;20;;;;;4892;4;4894;20;;;4889.5;-52.322266
-1;29200;PEARLS;9995;20;;;;;10002;3;10005;20;;;9998.5;279.0
-1;29300;BANANAS;4887;25;;;;;4888;1;4894;25;;;4887.5;-49.95117
-1;29300;PEARLS;9995;25;;;;;10005;25;;;;;10000.0;279.0
-1;29400;PEARLS;9996;1;9995;23;;;10004;1;10005;23;;;10000.0;279.0
-1;29400;BANANAS;4892;4;4888;1;4887;23;4894;24;;;;;4893.0;15.833984
-1;29500;BANANAS;4888;24;;;;;4894;24;;;;;4891.0;-225.74219
-1;29500;PEARLS;10002;1;9996;2;9995;22;10004;2;10005;22;;;10003.0;279.0
-1;29600;BANANAS;4887;20;;;;;4894;20;;;;;4890.5;-227.04688
-1;29600;PEARLS;9995;20;;;;;9998;1;10005;20;;;9996.5;281.0
-1;29700;BANANAS;4888;27;;;;;4894;27;;;;;4891.0;-227.96875
-1;29700;PEARLS;9996;1;9995;26;;;10004;1;10005;26;;;10000.0;283.0
-1;29800;PEARLS;9998;7;9996;1;9995;29;10004;1;10005;29;;;10001.0;283.0
-1;29800;BANANAS;4888;7;4887;30;;;4894;30;;;;;4891.0;-223.27344
-1;29900;BANANAS;4888;8;4887;27;;;4894;27;;;;;4891.0;-227.42969
-1;29900;PEARLS;9998;8;9996;1;9995;26;10000;2;10004;1;10005;26;9999.0;283.0
-1;30000;BANANAS;4887;21;;;;;4892;6;4894;21;;;4889.5;-229.4961
-1;30000;PEARLS;9996;1;9995;20;;;10002;7;10004;1;10005;20;9999.0;283.0
-1;30100;BANANAS;4887;22;;;;;4894;22;;;;;4890.5;-221.78906
-1;30100;PEARLS;9995;22;;;;;10000;5;10005;22;;;9997.5;283.0
-1;30200;PEARLS;9996;2;9995;22;;;10004;2;10005;22;;;10000.0;283.0
-1;30200;BANANAS;4887;24;;;;;4890;2;4894;24;;;4888.5;-223.55469
-1;30300;BANANAS;4888;2;4887;28;;;4892;7;4894;30;;;4890.0;-220.53125
-1;30300;PEARLS;9996;2;9995;28;;;10002;7;10004;2;10005;28;9999.0;283.0
-1;30400;BANANAS;4888;2;4887;21;;;4894;23;;;;;4891.0;-216.66406
-1;30400;PEARLS;9996;2;9995;21;;;10004;2;10005;21;;;10000.0;283.0
-1;30500;BANANAS;4887;29;;;;;4893;1;4894;28;;;4890.0;-213.5586
-1;30500;PEARLS;9996;1;9995;28;;;10004;1;10005;28;;;10000.0;283.0
-1;30600;PEARLS;9995;30;;;;;10005;30;;;;;10000.0;283.0
-1;30600;BANANAS;4886;30;;;;;4893;30;;;;;4889.5;-219.90234
-1;30700;BANANAS;4891;3;4887;23;;;4893;23;;;;;4892.0;-338.84375
-1;30700;PEARLS;9996;1;9995;22;;;10004;1;10005;22;;;10000.0;283.0
-1;30800;BANANAS;4887;29;;;;;4893;29;;;;;4890.0;-524.5586
-1;30800;PEARLS;9995;29;;;;;10005;29;;;;;10000.0;283.0
-1;30900;BANANAS;4887;2;4886;23;;;4893;23;;;;;4890.0;-526.1094
-1;30900;PEARLS;9998;2;9995;23;;;10005;23;;;;;10001.5;283.0
-1;31000;PEARLS;9995;20;;;;;10005;20;;;;;10000.0;283.0
-1;31000;BANANAS;4887;20;;;;;4894;20;;;;;4890.5;-538.77734
-1;31100;BANANAS;4887;22;;;;;4893;22;;;;;4890.0;-540.6758
-1;31100;PEARLS;9996;1;9995;21;;;10004;1;10005;21;;;10000.0;283.0
-1;31200;BANANAS;4887;1;4886;27;;;4893;29;;;;;4890.0;-537.8711
-1;31200;PEARLS;9996;2;9995;27;;;10004;2;10005;27;;;10000.0;283.0
-1;31300;BANANAS;4886;30;;;;;4893;30;;;;;4889.5;-542.98047
-1;31300;PEARLS;9995;30;;;;;10005;30;;;;;10000.0;283.0
-1;31400;PEARLS;9996;2;9995;30;;;10004;2;10005;30;;;10000.0;283.0
-1;31400;BANANAS;4887;32;;;;;4894;32;;;;;4890.5;-551.3672
-1;31500;BANANAS;4887;23;;;;;4888;1;4894;23;;;4887.5;-552.40625
-1;31500;PEARLS;9995;23;;;;;10005;23;;;;;10000.0;283.0
-1;31600;BANANAS;4889;2;4888;32;;;4894;32;;;;;4891.5;-491.3672
-1;31600;PEARLS;9998;2;9996;2;9995;30;10004;2;10005;30;;;10001.0;283.0
-1;31700;BANANAS;4887;29;;;;;4892;2;4894;29;;;4889.5;-487.125
-1;31700;PEARLS;9995;29;;;;;9998;4;10002;2;10005;29;9996.5;283.0
-1;31800;PEARLS;9995;21;;;;;10005;21;;;;;10000.0;292.0
-1;31800;BANANAS;4887;21;;;;;4894;21;;;;;4890.5;-543.7578
-1;31900;BANANAS;4888;11;4887;27;;;4894;29;;;;;4891.0;-549.40625
-1;31900;PEARLS;9998;9;9996;2;9995;27;10004;2;10005;27;;;10001.0;292.0
-1;32000;BANANAS;4887;30;;;;;4893;30;;;;;4890.0;-549.4453
-1;32000;PEARLS;9996;1;9995;29;;;10000;3;10004;1;10005;29;9998.0;292.0
-1;32100;BANANAS;4887;31;;;;;4894;31;;;;;4890.5;-552.5156
-1;32100;PEARLS;9996;1;9995;30;;;10004;1;10005;30;;;10000.0;292.0
-1;32200;BANANAS;4887;1;4886;25;;;4891;6;4893;26;;;4889.0;-549.8203
-1;32200;PEARLS;9996;1;9995;25;;;10002;7;10004;1;10005;25;9999.0;292.0
-1;32300;PEARLS;9996;1;9995;25;;;10002;6;10004;1;10005;25;9999.0;292.0
-1;32300;BANANAS;4886;26;;;;;4891;7;4892;1;4893;25;4888.5;-545.1914
-1;32400;PEARLS;9996;2;9995;27;;;10002;1;10004;2;10005;27;9999.0;292.0
-1;32400;BANANAS;4886;1;4885;27;;;4890;1;4892;29;;;4888.0;-543.03906
-1;32500;BANANAS;4890;1;4885;25;;;4892;25;;;;;4891.0;-540.72266
-1;32500;PEARLS;9996;2;9995;23;;;10004;2;10005;23;;;10000.0;292.0
-1;32600;PEARLS;9995;30;;;;;10005;30;;;;;10000.0;292.0
-1;32600;BANANAS;4885;30;;;;;4892;30;;;;;4888.5;-602.46094
-1;32700;PEARLS;10002;1;9996;1;9995;26;10004;1;10005;26;;;10003.0;292.0
-1;32700;BANANAS;4886;27;;;;;4892;27;;;;;4889.0;-600.1719
-1;32800;PEARLS;9995;23;;;;;10005;23;;;;;10000.0;300.0
-1;32800;BANANAS;4885;23;;;;;4892;23;;;;;4888.5;-596.1953
-1;32900;BANANAS;4886;1;4885;23;;;4890;1;4892;24;;;4888.0;-598.7969
-1;32900;PEARLS;9996;1;9995;23;;;10002;1;10004;1;10005;23;9999.0;300.0
-1;33000;PEARLS;10002;1;9996;1;9995;27;10004;1;10005;27;;;10003.0;300.0
-1;33000;BANANAS;4885;28;;;;;4892;28;;;;;4888.5;-593.71875
-1;33100;PEARLS;9995;24;;;;;10005;24;;;;;10000.0;302.0
-1;33100;BANANAS;4884;24;;;;;4891;24;;;;;4887.5;-579.5703
-1;33200;PEARLS;9995;25;;;;;10002;9;10005;25;;;9998.5;302.0
-1;33200;BANANAS;4884;25;;;;;4889;9;4891;25;;;4886.5;-580.0547
-1;33300;BANANAS;4885;26;;;;;4890;7;4891;2;4892;24;4887.5;-587.15625
-1;33300;PEARLS;9996;2;9995;24;;;10002;7;10004;2;10005;24;9999.0;302.0
-1;33400;PEARLS;9995;27;;;;;10005;27;;;;;10000.0;302.0
-1;33400;BANANAS;4885;27;;;;;4892;27;;;;;4888.5;-592.3203
-1;33500;PEARLS;9998;10;9995;25;;;10005;25;;;;;10001.5;302.0
-1;33500;BANANAS;4886;10;4885;25;;;4892;25;;;;;4889.0;-596.4844
-1;33600;PEARLS;9995;27;;;;;10005;27;;;;;10000.0;302.0
-1;33600;BANANAS;4884;27;;;;;4885;1;4891;27;;;4884.5;-593.7969
-1;33700;PEARLS;9998;7;9996;1;9995;22;10004;1;10005;22;;;10001.0;302.0
-1;33700;BANANAS;4885;2;4884;22;;;4891;23;;;;;4888.0;-520.7539
-1;33800;BANANAS;4884;26;;;;;4891;26;;;;;4887.5;-512.83984
-1;33800;PEARLS;10002;1;9995;26;;;10005;26;;;;;10003.5;302.0
-1;33900;PEARLS;9995;24;;;;;10005;24;;;;;10000.0;304.0
-1;33900;BANANAS;4884;24;;;;;4891;24;;;;;4887.5;-512.6172
-1;34000;PEARLS;10002;1;9996;1;9995;24;10004;1;10005;24;;;10003.0;306.0
-1;34000;BANANAS;4889;1;4885;1;4884;24;4891;25;;;;;4890.0;-636.875
-1;34100;PEARLS;9996;1;9995;26;;;10004;1;10005;26;;;10000.0;308.0
-1;34100;BANANAS;4884;26;;;;;4885;7;4891;27;;;4884.5;-705.3906
-1;34200;BANANAS;4885;1;4884;26;;;4891;27;;;;;4888.0;-242.28906
-1;34200;PEARLS;9996;1;9995;26;;;10004;1;10005;26;;;10000.0;308.0
-1;34300;PEARLS;9996;2;9995;20;;;10004;2;10005;20;;;10000.0;313.0
-1;34300;BANANAS;4885;1;4884;20;;;4891;22;;;;;4888.0;-105.80078
-1;34400;PEARLS;9996;2;9995;23;;;10004;2;10005;23;;;10000.0;313.0
-1;34400;BANANAS;4884;24;;;;;4890;2;4891;23;;;4887.0;-104.82422
-1;34500;PEARLS;9995;25;;;;;10002;2;10005;25;;;9998.5;313.0
-1;34500;BANANAS;4884;25;;;;;4889;2;4891;25;;;4886.5;-102.734375
-1;34600;BANANAS;4884;22;;;;;4891;22;;;;;4887.5;-103.75
-1;34600;PEARLS;9995;22;;;;;10005;22;;;;;10000.0;313.0
-1;34700;PEARLS;9995;29;;;;;9998;5;10005;29;;;9996.5;313.0
-1;34700;BANANAS;4884;29;;;;;4891;29;;;;;4887.5;-104.99219
-1;34800;PEARLS;10002;1;10000;2;9995;24;10005;24;;;;;10003.5;323.0
-1;34800;BANANAS;4884;24;;;;;4887;6;4891;24;;;4885.5;-104.515625
-1;34900;PEARLS;9996;2;9995;22;;;10004;2;10005;22;;;10000.0;325.0
-1;34900;BANANAS;4884;23;;;;;4891;24;;;;;4887.5;-106.46094
-1;35000;BANANAS;4885;2;4884;20;;;4889;10;4891;22;;;4887.0;27.111328
-1;35000;PEARLS;9996;2;9995;20;;;10002;10;10004;2;10005;20;9999.0;325.0
-1;35100;PEARLS;9996;1;9995;25;;;10004;1;10005;25;;;10000.0;325.0
-1;35100;BANANAS;4884;26;;;;;4890;26;;;;;4887.0;24.261719
-1;35200;PEARLS;9995;24;;;;;10005;24;;;;;10000.0;325.0
-1;35200;BANANAS;4883;24;;;;;4884;1;4890;24;;;4883.5;22.408203
-1;35300;PEARLS;9998;9;9995;24;;;10005;24;;;;;10001.5;325.0
-1;35300;BANANAS;4884;9;4883;24;;;4890;24;;;;;4887.0;89.17969
-1;35400;BANANAS;4883;22;;;;;4890;22;;;;;4886.5;87.29297
-1;35400;PEARLS;9995;22;;;;;10005;22;;;;;10000.0;325.0
-1;35500;PEARLS;10002;5;9995;25;;;10005;25;;;;;10003.5;325.0
-1;35500;BANANAS;4883;24;;;;;4890;25;;;;;4886.5;87.25391
-1;35600;PEARLS;9998;10;9996;1;9995;26;10004;1;10005;26;;;10001.0;335.0
-1;35600;BANANAS;4884;9;4883;27;;;4889;27;;;;;4886.5;90.81445
-1;35700;PEARLS;10002;1;9996;1;9995;26;10004;1;10005;26;;;10003.0;335.0
-1;35700;BANANAS;4883;27;;;;;4888;1;4889;1;4890;26;4885.5;87.26172
-1;35800;BANANAS;4883;30;;;;;4889;30;;;;;4886.0;89.30664
-1;35800;PEARLS;9996;2;9995;28;;;10004;2;10005;28;;;10000.0;344.0
-1;35900;PEARLS;9996;1;9995;29;;;10002;3;10004;1;10005;29;9999.0;344.0
-1;35900;BANANAS;4883;30;;;;;4884;4;4887;3;4889;30;4883.5;90.16406
-1;36000;PEARLS;9995;28;;;;;9998;1;10005;28;;;9996.5;344.0
-1;36000;BANANAS;4883;28;;;;;4890;28;;;;;4886.5;366.0
-1;36100;PEARLS;9995;26;;;;;9998;4;10005;26;;;9996.5;346.0
-1;36100;BANANAS;4883;26;;;;;4890;26;;;;;4886.5;366.0
-1;36200;BANANAS;4884;30;;;;;4889;3;4890;1;4891;29;4886.5;366.0
-1;36200;PEARLS;9996;1;9995;29;;;10002;3;10004;1;10005;29;9999.0;354.0
-1;36300;PEARLS;9995;22;;;;;9998;1;10005;22;;;9996.5;354.0
-1;36300;BANANAS;4884;21;;;;;4890;22;;;;;4887.0;366.0
-1;36400;PEARLS;9996;1;9995;27;;;10002;5;10004;1;10005;27;9999.0;356.0
-1;36400;BANANAS;4884;28;;;;;4888;5;4890;28;;;4886.0;366.0
-1;36500;BANANAS;4884;27;;;;;4889;10;4891;27;;;4886.5;366.0
-1;36500;PEARLS;9996;1;9995;26;;;10002;10;10004;1;10005;26;9999.0;356.0
-1;36600;BANANAS;4885;1;4884;21;;;4891;21;;;;;4888.0;366.0
-1;36600;PEARLS;10002;4;9998;1;9995;21;10005;21;;;;;10003.5;359.0
-1;36700;BANANAS;4889;11;4884;30;;;4891;30;;;;;4890.0;366.0
-1;36700;PEARLS;10002;1;9995;30;;;10005;30;;;;;10003.5;367.0
-1;36800;PEARLS;10002;1;9996;1;9995;26;10004;1;10005;26;;;10003.0;370.0
-1;36800;BANANAS;4884;27;;;;;4887;2;4891;27;;;4885.5;-274.96484
-1;36900;PEARLS;9996;2;9995;29;;;10002;3;10004;2;10005;29;9999.0;372.0
-1;36900;BANANAS;4884;31;;;;;4889;3;4890;2;4891;29;4886.5;-276.58203
-1;37000;BANANAS;4886;2;4884;4;4883;23;4890;23;;;;;4888.0;-277.96094
-1;37000;PEARLS;9998;4;9995;23;;;10005;23;;;;;10001.5;372.0
-1;37100;PEARLS;9996;1;9995;23;;;10004;1;10005;23;;;10000.0;372.0
-1;37100;BANANAS;4889;1;4884;24;;;4890;1;4891;23;;;4889.5;-273.17188
-1;37200;PEARLS;9998;2;9995;22;;;10005;22;;;;;10001.5;372.0
-1;37200;BANANAS;4885;3;4884;22;;;4891;22;;;;;4888.0;-338.45703
-1;37300;PEARLS;10002;5;9995;27;;;10005;27;;;;;10003.5;372.0
-1;37300;BANANAS;4883;27;;;;;4888;7;4890;27;;;4885.5;-335.39062
-1;37400;BANANAS;4883;23;;;;;4889;23;;;;;4886.0;-332.51172
-1;37400;PEARLS;9996;1;9995;22;;;10004;1;10005;22;;;10000.0;382.0
-1;37500;PEARLS;10002;1;9998;2;9995;29;10005;29;;;;;10003.5;382.0
-1;37500;BANANAS;4888;1;4883;2;4882;29;4889;29;;;;;4888.5;-337.54688
-1;37600;PEARLS;9996;2;9995;24;;;10004;2;10005;24;;;10000.0;384.0
-1;37600;BANANAS;4883;26;;;;;4889;2;4890;24;;;4886.0;-402.40625
-1;37700;PEARLS;9996;1;9995;28;;;10004;1;10005;28;;;10000.0;384.0
-1;37700;BANANAS;4888;1;4883;29;;;4889;1;4890;28;;;4888.5;-404.41406
-1;37800;BANANAS;4883;29;;;;;4889;2;4890;27;;;4886.0;-467.67578
-1;37800;PEARLS;9996;2;9995;27;;;10004;2;10005;27;;;10000.0;384.0
-1;37900;BANANAS;4882;29;;;;;4884;2;4889;29;;;4883.0;-197.97266
-1;37900;PEARLS;9996;2;9995;27;;;10000;3;10004;2;10005;27;9998.0;384.0
-1;38000;PEARLS;9995;25;;;;;10002;5;10005;25;;;9998.5;384.0
-1;38000;BANANAS;4882;25;;;;;4887;5;4889;25;;;4884.5;-54.128906
-1;38100;BANANAS;4883;27;;;;;4890;28;;;;;4886.5;-50.679688
-1;38100;PEARLS;9995;28;;;;;10005;28;;;;;10000.0;384.0
-1;38200;BANANAS;4884;5;4883;23;;;4890;23;;;;;4887.0;-49.996094
-1;38200;PEARLS;9995;23;;;;;9998;2;10005;23;;;9996.5;384.0
-1;38300;BANANAS;4883;27;;;;;4890;27;;;;;4886.5;-45.51172
-1;38300;PEARLS;9996;1;9995;26;;;10004;1;10005;26;;;10000.0;388.0
-1;38400;PEARLS;10002;1;9995;21;;;10005;21;;;;;10003.5;388.0
-1;38400;BANANAS;4883;20;;;;;4890;21;;;;;4886.5;355.1338
-1;38500;BANANAS;4888;1;4883;25;;;4889;2;4890;23;;;4888.5;354.96094
-1;38500;PEARLS;10002;1;9996;2;9995;23;10004;2;10005;23;;;10003.0;390.0
-1;38600;BANANAS;4883;27;;;;;4890;27;;;;;4886.5;291.08887
-1;38600;PEARLS;10002;5;9995;27;;;10005;27;;;;;10003.5;392.0
-1;38700;BANANAS;4884;30;;;;;4890;1;4891;29;;;4887.0;290.84766
-1;38700;PEARLS;9996;1;9995;29;;;10004;1;10005;29;;;10000.0;402.0
-1;38800;PEARLS;9995;27;;;;;10005;27;;;;;10000.0;402.0
-1;38800;BANANAS;4884;27;;;;;4891;27;;;;;4887.5;290.8037
-1;38900;BANANAS;4884;26;;;;;4889;4;4891;26;;;4886.5;288.92773
-1;38900;PEARLS;9996;1;9995;25;;;10004;1;10005;25;;;10000.0;402.0
-1;39000;BANANAS;4884;29;;;;;4890;29;;;;;4887.0;288.4619
-1;39000;PEARLS;9995;29;;;;;10005;29;;;;;10000.0;402.0
-1;39100;BANANAS;4884;1;4883;29;;;4888;10;4890;30;;;4886.0;289.7207
-1;39100;PEARLS;9996;1;9995;29;;;10002;10;10004;1;10005;29;9999.0;402.0
-1;39200;PEARLS;9995;24;;;;;10005;24;;;;;10000.0;402.0
-1;39200;BANANAS;4888;1;4883;24;;;4889;24;;;;;4888.5;289.1416
-1;39300;BANANAS;4884;3;4883;27;;;4889;1;4890;26;;;4886.5;226.01367
-1;39300;PEARLS;9998;3;9996;1;9995;26;10004;1;10005;26;;;10001.0;402.0
-1;39400;BANANAS;4884;29;;;;;4891;29;;;;;4887.5;224.45117
-1;39400;PEARLS;9996;2;9995;27;;;10004;2;10005;27;;;10000.0;402.0
-1;39500;BANANAS;4884;22;;;;;4890;2;4891;20;;;4887.0;156.07031
-1;39500;PEARLS;9996;2;9995;20;;;10004;2;10005;20;;;10000.0;403.0
-1;39600;PEARLS;9995;22;;;;;10005;22;;;;;10000.0;403.0
-1;39600;BANANAS;4884;22;;;;;4890;22;;;;;4887.0;158.54297
-1;39700;BANANAS;4883;20;;;;;4890;20;;;;;4886.5;158.71484
-1;39700;PEARLS;9995;20;;;;;10005;20;;;;;10000.0;405.0
-1;39800;BANANAS;4883;31;;;;;4888;3;4890;31;;;4885.5;94.15039
-1;39800;PEARLS;9996;1;9995;30;;;10002;3;10004;1;10005;30;9999.0;416.0
-1;39900;BANANAS;4884;3;4883;30;;;4890;32;;;;;4887.0;95.12305
-1;39900;PEARLS;9998;1;9996;2;9995;30;10004;2;10005;30;;;10001.0;416.0
-1;40000;PEARLS;9998;9;9996;1;9995;30;10004;1;10005;30;;;10001.0;416.0
-1;40000;BANANAS;4888;5;4884;9;4883;31;4890;31;;;;;4889.0;96.68945
-1;40100;BANANAS;4883;27;;;;;4890;27;;;;;4886.5;-225.88281
-1;40100;PEARLS;10002;1;9995;27;;;10005;27;;;;;10003.5;416.0
-1;40200;BANANAS;4884;23;;;;;4889;7;4890;1;4891;22;4886.5;-226.89062
-1;40200;PEARLS;9996;1;9995;22;;;10002;7;10004;1;10005;22;9999.0;418.0
-1;40300;BANANAS;4884;25;;;;;4890;25;;;;;4887.0;-223.875
-1;40300;PEARLS;9996;1;9995;24;;;10000;4;10004;1;10005;24;9998.0;418.0
-1;40400;PEARLS;9996;1;9995;20;;;10002;10;10004;1;10005;20;9999.0;424.0
-1;40400;BANANAS;4884;21;;;;;4889;10;4891;21;;;4886.5;-214.21875
-1;40500;BANANAS;4884;24;;;;;4887;2;4891;24;;;4885.5;-213.60547
-1;40500;PEARLS;9995;24;;;;;10005;24;;;;;10000.0;424.0
-1;40600;BANANAS;4884;2;4883;24;;;4890;26;;;;;4887.0;-210.58594
-1;40600;PEARLS;9996;2;9995;24;;;9998;7;10004;2;10005;24;9997.0;424.0
-1;40700;BANANAS;4883;26;;;;;4890;26;;;;;4886.5;-218.58984
-1;40700;PEARLS;9996;2;9995;24;;;10004;2;10005;24;;;10000.0;438.0
-1;40800;PEARLS;9995;29;;;;;10005;29;;;;;10000.0;438.0
-1;40800;BANANAS;4883;29;;;;;4890;29;;;;;4886.5;-218.05469
-1;40900;PEARLS;9995;22;;;;;10005;22;;;;;10000.0;438.0
-1;40900;BANANAS;4883;22;;;;;4890;22;;;;;4886.5;-219.88281
-1;41000;BANANAS;4884;27;;;;;4886;4;4890;22;;;4885.0;-216.79688
-1;41000;PEARLS;9998;5;9995;22;;;10005;22;;;;;10001.5;438.0
-1;41100;BANANAS;4884;23;;;;;4890;1;4891;22;;;4887.0;-207.375
-1;41100;PEARLS;9996;1;9995;22;;;10004;1;10005;22;;;10000.0;438.0
-1;41200;BANANAS;4884;26;;;;;4891;26;;;;;4887.5;-206.48438
-1;41200;PEARLS;9996;1;9995;25;;;9998;8;10004;1;10005;25;9997.0;438.0
-1;41300;PEARLS;9996;1;9995;20;;;10000;6;10002;2;10004;1;9998.0;454.0
-1;41300;BANANAS;4884;21;;;;;4889;2;4891;21;;;4886.5;-199.34375
-1;41400;PEARLS;9995;23;;;;;10005;23;;;;;10000.0;454.0
-1;41400;BANANAS;4884;23;;;;;4885;1;4887;4;4891;23;4884.5;-203.91797
-1;41500;BANANAS;4886;6;4885;30;;;4892;30;;;;;4889.0;-140.29688
-1;41500;PEARLS;9998;5;9995;30;;;10005;30;;;;;10001.5;454.0
-1;41600;PEARLS;9996;1;9995;27;;;9998;5;10004;1;10005;27;9997.0;454.0
-1;41600;BANANAS;4885;1;4884;27;;;4891;28;;;;;4888.0;-146.54688
-1;41700;PEARLS;9995;20;;;;;10005;20;;;;;10000.0;464.0
-1;41700;BANANAS;4884;20;;;;;4891;20;;;;;4887.5;-144.8789
-1;41800;PEARLS;9996;2;9995;28;;;10002;3;10004;2;10005;28;9999.0;464.0
-1;41800;BANANAS;4885;30;;;;;4890;3;4891;2;4892;28;4887.5;-144.14453
-1;41900;BANANAS;4886;4;4885;30;;;4892;30;;;;;4889.0;-150.39844
-1;41900;PEARLS;9998;4;9996;2;9995;28;10004;2;10005;28;;;10001.0;464.0
-1;42000;PEARLS;9996;2;9995;28;;;10004;2;10005;28;;;10000.0;464.0
-1;42000;BANANAS;4886;30;;;;;4892;30;;;;;4889.0;-152.1289
-1;42100;PEARLS;9995;24;;;;;10005;24;;;;;10000.0;464.0
-1;42100;BANANAS;4886;24;;;;;4893;24;;;;;4889.5;-152.63281
-1;42200;PEARLS;9995;26;;;;;10002;4;10005;26;;;9998.5;464.0
-1;42200;BANANAS;4887;26;;;;;4892;4;4894;26;;;4889.5;-854.0547
-1;42300;BANANAS;4892;1;4887;24;;;4894;24;;;;;4893.0;-850.03125
-1;42300;PEARLS;10000;4;9995;24;;;10005;24;;;;;10002.5;465.0
-1;42400;BANANAS;4886;25;;;;;4893;25;;;;;4889.5;-842.3906
-1;42400;PEARLS;9996;1;9995;24;;;9998;5;10004;1;10005;24;9997.0;466.0
-1;42500;PEARLS;9996;2;9995;22;;;10004;2;10005;22;;;10000.0;468.0
-1;42500;BANANAS;4886;23;;;;;4893;24;;;;;4889.5;-841.75
-1;42600;PEARLS;9995;25;;;;;10002;10;10005;25;;;9998.5;468.0
-1;42600;BANANAS;4886;25;;;;;4890;10;4892;25;;;4888.0;-645.53125
-1;42700;PEARLS;9996;2;9995;20;;;10004;2;10005;20;;;10000.0;468.0
-1;42700;BANANAS;4886;21;;;;;4893;22;;;;;4889.5;-637.53125
-1;42800;BANANAS;4886;23;;;;;4892;23;;;;;4889.0;-632.9844
-1;42800;PEARLS;9995;23;;;;;10005;23;;;;;10000.0;468.0
-1;42900;PEARLS;9995;22;;;;;10005;22;;;;;10000.0;468.0
-1;42900;BANANAS;4885;22;;;;;4892;22;;;;;4888.5;-628.8906
-1;43000;PEARLS;10002;7;9996;1;9995;24;10004;1;10005;24;;;10003.0;468.0
-1;43000;BANANAS;4885;25;;;;;4891;1;4892;24;;;4888.0;-619.08594
-1;43100;PEARLS;9996;2;9995;23;;;10002;3;10004;2;10005;23;9999.0;482.0
-1;43100;BANANAS;4886;25;;;;;4890;3;4892;25;;;4888.0;-618.2422
-1;43200;BANANAS;4886;28;;;;;4892;1;4893;27;;;4889.0;-623.3281
-1;43200;PEARLS;9996;1;9995;27;;;10000;1;10004;1;10005;27;9998.0;482.0
-1;43300;PEARLS;9995;20;;;;;10005;20;;;;;10000.0;482.0
-1;43300;BANANAS;4887;20;;;;;4894;20;;;;;4890.5;-616.77344
-1;43400;PEARLS;9996;2;9995;27;;;10002;8;10004;2;10005;27;9999.0;482.0
-1;43400;BANANAS;4887;28;;;;;4892;8;4893;2;4894;27;4889.5;-618.3906
-1;43500;PEARLS;9996;1;9995;23;;;10002;10;10004;1;10005;23;9999.0;482.0
-1;43500;BANANAS;4887;24;;;;;4891;10;4893;24;;;4889.0;-614.8828
-1;43600;BANANAS;4886;21;;;;;4891;1;4893;21;;;4888.5;-609.3203
-1;43600;PEARLS;9995;21;;;;;10002;1;10005;21;;;9998.5;482.0
-1;43700;PEARLS;9996;2;9995;26;;;10004;2;10005;26;;;10000.0;482.0
-1;43700;BANANAS;4885;28;;;;;4892;28;;;;;4888.5;-609.6953
-1;43800;PEARLS;9995;25;;;;;9998;1;10005;25;;;9996.5;482.0
-1;43800;BANANAS;4886;25;;;;;4893;25;;;;;4889.5;-598.72656
-1;43900;PEARLS;9995;28;;;;;10005;28;;;;;10000.0;484.0
-1;43900;BANANAS;4886;28;;;;;4893;28;;;;;4889.5;-600.9297
-1;44000;BANANAS;4887;1;4886;25;;;4889;6;4893;26;;;4888.0;-597.2344
-1;44000;PEARLS;10002;4;9996;1;9995;25;10004;1;10005;25;;;10003.0;484.0
-1;44100;PEARLS;9996;2;9995;28;;;10004;2;10005;28;;;10000.0;492.0
-1;44100;BANANAS;4886;30;;;;;4887;1;4893;30;;;4886.5;-593.6328
-1;44200;PEARLS;9998;4;9996;2;9995;20;10004;2;10005;20;;;10001.0;494.0
-1;44200;BANANAS;4887;6;4886;20;;;4893;22;;;;;4890.0;-413.2578
-1;44300;PEARLS;9996;1;9995;24;;;10004;1;10005;24;;;10000.0;496.0
-1;44300;BANANAS;4887;25;;;;;4894;25;;;;;4890.5;-422.26562
-1;44400;BANANAS;4887;30;;;;;4893;1;4894;29;;;4890.0;-420.9453
-1;44400;PEARLS;9996;1;9995;29;;;10004;1;10005;29;;;10000.0;496.0
-1;44500;PEARLS;9996;1;9995;26;;;10004;1;10005;26;;;10000.0;496.0
-1;44500;BANANAS;4886;27;;;;;4893;27;;;;;4889.5;-423.79688
-1;44600;PEARLS;9995;23;;;;;10005;23;;;;;10000.0;497.0
-1;44600;BANANAS;4886;23;;;;;4893;23;;;;;4889.5;-360.0703
-1;44700;PEARLS;9996;1;9995;23;;;10002;9;10004;1;10005;23;9999.0;497.0
-1;44700;BANANAS;4886;24;;;;;4891;9;4893;24;;;4888.5;-354.32422
-1;44800;BANANAS;4887;24;;;;;4892;10;4893;2;4894;22;4889.5;-293.10938
-1;44800;PEARLS;9996;2;9995;22;;;10002;10;10004;2;10005;22;9999.0;498.0
-1;44900;PEARLS;9995;26;;;;;10002;6;10005;26;;;9998.5;498.0
-1;44900;BANANAS;4887;26;;;;;4892;6;4894;26;;;4889.5;-296.47656
-1;45000;PEARLS;9996;1;9995;26;;;10004;1;10005;26;;;10000.0;498.0
-1;45000;BANANAS;4887;27;;;;;4894;27;;;;;4890.5;-298.14844
-1;45100;PEARLS;9996;2;9995;25;;;9998;1;10004;2;10005;25;9997.0;498.0
-1;45100;BANANAS;4887;27;;;;;4894;27;;;;;4890.5;-296.9453
-1;45200;BANANAS;4888;27;;;;;4895;27;;;;;4891.5;-303.4375
-1;45200;PEARLS;9995;27;;;;;10005;27;;;;;10000.0;500.0
-1;45300;BANANAS;4888;28;;;;;4894;1;4895;28;;;4891.0;-303.41406
-1;45300;PEARLS;9996;1;9995;28;;;9998;1;10004;1;10005;28;9997.0;500.0
-1;45400;PEARLS;9996;1;9995;27;;;10004;1;10005;27;;;10000.0;506.0
-1;45400;BANANAS;4888;28;;;;;4894;28;;;;;4891.0;-310.78906
-1;45500;BANANAS;4888;24;;;;;4895;24;;;;;4891.5;-307.10938
-1;45500;PEARLS;9996;1;9995;23;;;10004;1;10005;23;;;10000.0;506.0
-1;45600;BANANAS;4894;1;4889;1;4888;24;4895;25;;;;;4894.5;-306.82812
-1;45600;PEARLS;9996;1;9995;24;;;10004;1;10005;24;;;10000.0;506.0
-1;45700;PEARLS;10002;4;9995;30;;;10005;30;;;;;10003.5;506.0
-1;45700;BANANAS;4888;30;;;;;4895;30;;;;;4891.5;-764.3828
-1;45800;PEARLS;9996;2;9995;24;;;10004;2;10005;24;;;10000.0;514.0
-1;45800;BANANAS;4890;2;4889;24;;;4896;26;;;;;4893.0;-764.125
-1;45900;PEARLS;9996;1;9995;21;;;10002;1;10004;1;10005;21;9999.0;514.0
-1;45900;BANANAS;4890;22;;;;;4895;1;4897;22;;;4892.5;-767.0078
-1;46000;BANANAS;4890;27;;;;;4897;27;;;;;4893.5;-769.6406
-1;46000;PEARLS;9996;2;9995;25;;;9998;5;10004;2;10005;25;9997.0;514.0
-1;46100;PEARLS;9996;2;9995;25;;;10004;2;10005;25;;;10000.0;527.0
-1;46100;BANANAS;4891;26;;;;;4897;2;4898;25;;;4894.0;-763.3281
-1;46200;PEARLS;9995;28;;;;;10005;28;;;;;10000.0;527.0
-1;46200;BANANAS;4890;28;;;;;4892;2;4897;28;;;4891.0;-752.1875
-1;46300;PEARLS;9996;1;9995;22;;;10004;1;10005;22;;;10000.0;527.0
-1;46300;BANANAS;4896;1;4890;23;;;4897;23;;;;;4896.5;-746.7422
-1;46400;BANANAS;4890;26;;;;;4897;26;;;;;4893.5;-742.1406
-1;46400;PEARLS;9995;26;;;;;10005;26;;;;;10000.0;527.0
-1;46500;PEARLS;9996;2;9995;23;;;10002;5;10004;2;10005;23;9999.0;527.0
-1;46500;BANANAS;4890;25;;;;;4891;1;4895;5;4897;25;4890.5;-740.8594
-1;46600;PEARLS;9996;2;9995;21;;;10002;2;10004;2;10005;21;9999.0;527.0
-1;46600;BANANAS;4893;4;4890;23;;;4895;2;4897;23;;;4894.0;-685.6328
-1;46700;PEARLS;9996;1;9995;22;;;10004;1;10005;22;;;10000.0;527.0
-1;46700;BANANAS;4889;23;;;;;4896;23;;;;;4892.5;-737.4844
-1;46800;BANANAS;4891;5;4890;23;;;4896;1;4897;22;;;4893.5;-744.14844
-1;46800;PEARLS;9998;4;9996;1;9995;22;10004;1;10005;22;;;10001.0;527.0
-1;46900;BANANAS;4895;1;4890;2;4889;26;4896;28;;;;;4895.5;-740.5625
-1;46900;PEARLS;9996;2;9995;26;;;10004;2;10005;26;;;10000.0;527.0
-1;47000;PEARLS;9995;20;;;;;10002;8;10005;20;;;9998.5;527.0
-1;47000;BANANAS;4889;20;;;;;4894;8;4896;20;;;4891.5;-727.9297
-1;47100;BANANAS;4890;4;4889;24;;;4896;24;;;;;4893.0;-626.9219
-1;47100;PEARLS;9998;5;9995;24;;;10005;24;;;;;10001.5;529.0
-1;47200;BANANAS;4895;1;4889;29;;;4896;29;;;;;4895.5;-633.28906
-1;47200;PEARLS;9995;29;;;;;10005;29;;;;;10000.0;529.0
-1;47300;BANANAS;4890;24;;;;;4896;24;;;;;4893.0;-683.5547
-1;47300;PEARLS;9995;24;;;;;10005;24;;;;;10000.0;529.0
-1;47400;PEARLS;9996;2;9995;24;;;10002;5;10004;2;10005;24;9999.0;529.0
-1;47400;BANANAS;4890;26;;;;;4894;5;4896;26;;;4892.0;-690.27344
-1;47500;BANANAS;4890;28;;;;;4896;28;;;;;4893.0;-669.1172
-1;47500;PEARLS;9995;28;;;;;10005;28;;;;;10000.0;529.0
-1;47600;BANANAS;4889;21;;;;;4896;21;;;;;4892.5;-665.5781
-1;47600;PEARLS;9995;21;;;;;10005;21;;;;;10000.0;529.0
-1;47700;BANANAS;4890;24;;;;;4896;1;4897;23;;;4893.0;-543.6328
-1;47700;PEARLS;9996;1;9995;23;;;9998;1;10004;1;10005;23;9997.0;529.0
-1;47800;PEARLS;9995;22;;;;;9998;1;10002;8;10005;22;9996.5;529.0
-1;47800;BANANAS;4890;22;;;;;4895;8;4897;22;;;4892.5;-543.7578
-1;47900;BANANAS;4891;1;4890;21;;;4897;21;;;;;4894.0;-541.91406
-1;47900;PEARLS;9998;1;9995;21;;;10005;21;;;;;10001.5;529.0
-1;48000;BANANAS;4891;3;4890;29;;;4897;29;;;;;4894.0;-540.96875
-1;48000;PEARLS;9998;3;9996;2;9995;27;10004;2;10005;27;;;10001.0;529.0
-1;48100;BANANAS;4890;29;;;;;4897;29;;;;;4893.5;-540.15625
-1;48100;PEARLS;9995;29;;;;;10005;29;;;;;10000.0;529.0
-1;48200;PEARLS;9996;1;9995;25;;;10004;1;10005;25;;;10000.0;529.0
-1;48200;BANANAS;4890;26;;;;;4897;26;;;;;4893.5;-536.3281
-1;48300;BANANAS;4895;1;4890;29;;;4897;29;;;;;4896.0;-534.46875
-1;48300;PEARLS;9995;29;;;;;10005;29;;;;;10000.0;529.0
-1;48400;BANANAS;4895;1;4889;22;;;4896;22;;;;;4895.5;-577.8828
-1;48400;PEARLS;9995;22;;;;;10005;22;;;;;10000.0;529.0
-1;48500;BANANAS;4889;25;;;;;4896;25;;;;;4892.5;-628.40625
-1;48500;PEARLS;9995;25;;;;;10005;25;;;;;10000.0;529.0
-1;48600;PEARLS;9996;2;9995;20;;;10002;4;10004;2;10005;20;9999.0;529.0
-1;48600;BANANAS;4889;22;;;;;4894;4;4896;22;;;4891.5;-628.2344
-1;48700;BANANAS;4889;21;;;;;4896;21;;;;;4892.5;-619.0625
-1;48700;PEARLS;10002;2;9995;21;;;10005;21;;;;;10003.5;529.0
-1;48800;BANANAS;4891;10;4890;31;;;4896;31;;;;;4893.5;-631.9922
-1;48800;PEARLS;9998;10;9996;2;9995;29;10004;2;10005;29;;;10001.0;533.0
-1;48900;BANANAS;4891;2;4890;25;;;4896;1;4897;24;;;4893.5;-621.9922
-1;48900;PEARLS;9998;3;9996;1;9995;24;10004;1;10005;24;;;10001.0;533.0
-1;49000;PEARLS;9995;29;;;;;10005;29;;;;;10000.0;533.0
-1;49000;BANANAS;4890;29;;;;;4897;29;;;;;4893.5;-617.46094
-1;49100;BANANAS;4891;3;4890;26;;;4897;26;;;;;4894.0;-607.25
-1;49100;PEARLS;9998;3;9995;26;;;10005;26;;;;;10001.5;533.0
-1;49200;BANANAS;4890;25;;;;;4897;25;;;;;4893.5;-487.5625
-1;49200;PEARLS;9996;2;9995;23;;;10004;2;10005;23;;;10000.0;535.0
-1;49300;BANANAS;4896;1;4891;29;;;4897;29;;;;;4896.5;-485.3828
-1;49300;PEARLS;9995;29;;;;;10005;29;;;;;10000.0;535.0
-1;49400;PEARLS;9998;5;9996;1;9995;21;10004;1;10005;21;;;10001.0;535.0
-1;49400;BANANAS;4897;1;4892;5;4891;22;4898;22;;;;;4897.5;-540.3906
-1;49500;BANANAS;4891;23;;;;;4897;23;;;;;4894.0;-595.15625
-1;49500;PEARLS;9995;23;;;;;10005;23;;;;;10000.0;535.0
-1;49600;BANANAS;4890;22;;;;;4897;22;;;;;4893.5;-592.0547
-1;49600;PEARLS;9995;22;;;;;10005;22;;;;;10000.0;535.0
-1;49700;BANANAS;4891;2;4890;22;;;4895;9;4897;24;;;4893.0;-601.0469
-1;49700;PEARLS;9996;2;9995;22;;;10002;8;10004;2;10005;22;9999.0;535.0
-1;49800;BANANAS;4890;22;;;;;4897;22;;;;;4893.5;-603.2969
-1;49800;PEARLS;9996;1;9995;21;;;9998;1;10004;1;10005;21;9997.0;535.0
-1;49900;PEARLS;9996;2;9995;20;;;10004;2;10005;20;;;10000.0;535.0
-1;49900;BANANAS;4890;22;;;;;4895;1;4896;2;4897;20;4892.5;-600.78125
-1;50000;BANANAS;4892;1;4889;30;;;4896;30;;;;;4894.0;-589.52344
-1;50000;PEARLS;9996;1;9995;29;;;10004;1;10005;29;;;10000.0;535.0
-1;50100;BANANAS;4889;32;;;;;4896;32;;;;;4892.5;-598.75
-1;50100;PEARLS;9996;2;9995;30;;;10004;2;10005;30;;;10000.0;535.0
-1;50200;PEARLS;9998;1;9996;2;9995;23;10004;2;10005;23;;;10001.0;537.0
-1;50200;BANANAS;4891;1;4890;25;;;4896;25;;;;;4893.5;-661.3047
-1;50300;PEARLS;9996;1;9995;25;;;10002;5;10004;1;10005;25;9999.0;537.0
-1;50300;BANANAS;4890;26;;;;;4895;6;4896;1;4897;25;4892.5;-665.9531
-1;50400;PEARLS;10002;4;9996;1;9995;29;10004;1;10005;29;;;10003.0;537.0
-1;50400;BANANAS;4890;30;;;;;4897;30;;;;;4893.5;-661.8047
-1;50500;BANANAS;4890;29;;;;;4897;29;;;;;4893.5;-666.0781
-1;50500;PEARLS;10002;4;9996;1;9995;28;10004;1;10005;28;;;10003.0;545.0
-1;50600;PEARLS;9996;1;9995;23;;;10004;1;10005;23;;;10000.0;553.0
-1;50600;BANANAS;4895;1;4890;24;;;4896;1;4897;23;;;4895.5;-668.1328
-1;50700;PEARLS;9995;25;;;;;10002;3;10005;25;;;9998.5;553.0
-1;50700;BANANAS;4890;25;;;;;4891;1;4895;3;4897;25;4890.5;-665.40625
-1;50800;PEARLS;9995;24;;;;;9998;1;10002;6;10005;24;9996.5;553.0
-1;50800;BANANAS;4890;24;;;;;4895;6;4897;24;;;4892.5;-610.1875
-1;50900;BANANAS;4890;27;;;;;4897;27;;;;;4893.5;-606.0781
-1;50900;PEARLS;9996;1;9995;26;;;10004;1;10005;26;;;10000.0;555.0
-1;51000;PEARLS;9996;2;9995;22;;;10004;2;10005;22;;;10000.0;555.0
-1;51000;BANANAS;4890;24;;;;;4896;2;4897;22;;;4893.0;-612.2656
-1;51100;PEARLS;9996;1;9995;26;;;10004;1;10005;26;;;10000.0;555.0
-1;51100;BANANAS;4891;27;;;;;4897;27;;;;;4894.0;-605.5469
-1;51200;PEARLS;9996;2;9995;30;;;10004;2;10005;30;;;10000.0;555.0
-1;51200;BANANAS;4890;32;;;;;4897;32;;;;;4893.5;-590.35156
-1;51300;PEARLS;9996;2;9995;23;;;10004;2;10005;23;;;10000.0;555.0
-1;51300;BANANAS;4891;25;;;;;4897;25;;;;;4894.0;-593.90625
-1;51400;BANANAS;4891;23;;;;;4897;23;;;;;4894.0;-594.65625
-1;51400;PEARLS;9995;23;;;;;10005;23;;;;;10000.0;555.0
-1;51500;PEARLS;9996;2;9995;20;;;10004;2;10005;20;;;10000.0;555.0
-1;51500;BANANAS;4891;22;;;;;4897;2;4898;20;;;4894.0;-601.0781
-1;51600;PEARLS;9996;2;9995;29;;;10004;2;10005;29;;;10000.0;555.0
-1;51600;BANANAS;4891;31;;;;;4897;2;4898;29;;;4894.0;-597.4297
-1;51700;PEARLS;9996;2;9995;30;;;10002;5;10004;2;10005;30;9999.0;555.0
-1;51700;BANANAS;4891;32;;;;;4896;5;4897;2;4898;30;4893.5;-599.2031
-1;51800;BANANAS;4891;26;;;;;4898;26;;;;;4894.5;-607.77344
-1;51800;PEARLS;9996;2;9995;24;;;10004;2;10005;24;;;10000.0;555.0
-1;51900;PEARLS;9996;1;9995;26;;;10002;6;10004;1;10005;26;9999.0;555.0
-1;51900;BANANAS;4892;1;4891;26;;;4896;6;4898;27;;;4894.0;-603.9844
-1;52000;PEARLS;10000;3;9996;1;9995;23;10004;1;10005;23;;;10002.0;555.0
-1;52000;BANANAS;4891;24;;;;;4897;1;4898;23;;;4894.0;-595.8672
-1;52100;PEARLS;9995;30;;;;;10005;30;;;;;10000.0;555.0
-1;52100;BANANAS;4891;30;;;;;4898;30;;;;;4894.5;-590.7422
-1;52200;BANANAS;4891;28;;;;;4896;3;4898;28;;;4893.5;-599.3125
-1;52200;PEARLS;9995;28;;;;;10002;3;10005;28;;;9998.5;555.0
-1;52300;PEARLS;9995;21;;;;;10002;3;10005;21;;;9998.5;555.0
-1;52300;BANANAS;4892;21;;;;;4897;2;4899;21;;;4894.5;-592.97656
-1;52400;PEARLS;10000;6;9996;2;9995;22;10004;2;10005;22;;;10002.0;555.0
-1;52400;BANANAS;4892;2;4891;22;;;4898;24;;;;;4895.0;-592.84375
-1;52500;PEARLS;9996;1;9995;30;;;10004;1;10005;30;;;10000.0;555.0
-1;52500;BANANAS;4891;31;;;;;4898;31;;;;;4894.5;-592.16406
-1;52600;BANANAS;4891;24;;;;;4897;1;4898;23;;;4894.0;-596.5078
-1;52600;PEARLS;9996;1;9995;23;;;9998;2;10004;1;10005;23;9997.0;555.0
-1;52700;PEARLS;9995;29;;;;;9998;1;10005;29;;;9996.5;559.0
-1;52700;BANANAS;4891;29;;;;;4897;29;;;;;4894.0;-596.9297
-1;52800;PEARLS;9995;24;;;;;9998;1;10005;24;;;9996.5;563.0
-1;52800;BANANAS;4891;24;;;;;4897;24;;;;;4894.0;-499.02344
-1;52900;PEARLS;9996;1;9995;30;;;10004;1;10005;30;;;10000.0;565.0
-1;52900;BANANAS;4891;1;4890;30;;;4897;31;;;;;4894.0;-492.89062
-1;53000;BANANAS;4891;28;;;;;4898;28;;;;;4894.5;-504.3125
-1;53000;PEARLS;9995;28;;;;;10005;28;;;;;10000.0;565.0
-1;53100;PEARLS;9996;1;9995;30;;;10004;1;10005;30;;;10000.0;565.0
-1;53100;BANANAS;4892;31;;;;;4898;31;;;;;4895.0;-530.64844
-1;53200;PEARLS;9996;1;9995;30;;;9998;1;10004;1;10005;30;9997.0;565.0
-1;53200;BANANAS;4892;31;;;;;4898;1;4899;30;;;4895.0;-532.21875
-1;53300;PEARLS;9996;1;9995;23;;;10004;1;10005;23;;;10000.0;567.0
-1;53300;BANANAS;4892;24;;;;;4899;24;;;;;4895.5;-530.9219
-1;53400;BANANAS;4892;23;;;;;4893;1;4899;23;;;4892.5;-521.0703
-1;53400;PEARLS;9995;23;;;;;10005;23;;;;;10000.0;567.0
-1;53500;PEARLS;9996;1;9995;25;;;10002;8;10004;1;10005;25;9999.0;567.0
-1;53500;BANANAS;4892;26;;;;;4897;8;4899;26;;;4894.5;-475.2422
-1;53600;PEARLS;9998;2;9995;23;;;10005;23;;;;;10001.5;567.0
-1;53600;BANANAS;4893;1;4892;23;;;4899;23;;;;;4896.0;-469.125
-1;53700;PEARLS;9996;2;9995;25;;;10002;10;10004;2;10005;25;9999.0;569.0
-1;53700;BANANAS;4892;27;;;;;4897;10;4898;2;4899;25;4894.5;-475.22656
-1;53800;BANANAS;4892;25;;;;;4897;6;4898;2;4899;23;4894.5;-485.39844
-1;53800;PEARLS;9996;2;9995;23;;;9998;13;10002;6;10004;2;9997.0;569.0
-1;53900;PEARLS;9995;28;;;;;10005;28;;;;;10000.0;569.0
-1;53900;BANANAS;4897;1;4896;4;4891;28;4898;28;;;;;4897.5;-492.46875
-1;54000;PEARLS;9996;1;9995;21;;;10004;1;10005;21;;;10000.0;569.0
-1;54000;BANANAS;4891;22;;;;;4898;22;;;;;4894.5;-709.34375
-1;54100;PEARLS;9995;23;;;;;10005;23;;;;;10000.0;569.0
-1;54100;BANANAS;4892;23;;;;;4899;23;;;;;4895.5;-699.5078
-1;54200;BANANAS;4892;1;4891;20;;;4898;21;;;;;4895.0;-686.2578
-1;54200;PEARLS;9996;1;9995;20;;;10004;1;10005;20;;;10000.0;569.0
-1;54300;BANANAS;4892;1;4891;25;;;4898;25;;;;;4895.0;-697.5625
-1;54300;PEARLS;9998;1;9995;25;;;10005;25;;;;;10001.5;569.0
-1;54400;PEARLS;9996;2;9995;22;;;10004;2;10005;22;;;10000.0;569.0
-1;54400;BANANAS;4892;23;;;;;4898;2;4899;22;;;4895.0;-698.78906
-1;54500;BANANAS;4892;28;;;;;4897;9;4899;29;;;4894.5;-701.625
-1;54500;PEARLS;9995;29;;;;;10002;9;10005;29;;;9998.5;569.0
-1;54600;BANANAS;4893;4;4892;28;;;4899;28;;;;;4896.0;-695.1172
-1;54600;PEARLS;9998;4;9996;2;9995;26;10004;2;10005;26;;;10001.0;569.0
-1;54700;PEARLS;9998;2;9995;21;;;10005;21;;;;;10001.5;569.0
-1;54700;BANANAS;4894;3;4893;21;;;4900;21;;;;;4897.0;-688.21094
-1;54800;PEARLS;9996;1;9995;23;;;10004;1;10005;23;;;10000.0;569.0
-1;54800;BANANAS;4893;24;;;;;4899;1;4900;23;;;4896.0;-680.1328
-1;54900;PEARLS;9996;1;9995;28;;;10004;1;10005;28;;;10000.0;569.0
-1;54900;BANANAS;4893;29;;;;;4899;1;4900;28;;;4896.0;-666.4844
-1;55000;BANANAS;4893;27;;;;;4900;27;;;;;4896.5;-672.47656
-1;55000;PEARLS;9995;27;;;;;9998;5;10005;27;;;9996.5;569.0
-1;55100;PEARLS;10002;9;9996;2;9995;29;10004;2;10005;29;;;10003.0;569.0
-1;55100;BANANAS;4894;2;4893;29;;;4900;31;;;;;4897.0;-680.27344
-1;55200;PEARLS;9995;25;;;;;10005;25;;;;;10000.0;587.0
-1;55200;BANANAS;4894;25;;;;;4900;25;;;;;4897.0;-684.0156
-1;55300;PEARLS;9996;1;9995;24;;;10002;7;10004;1;10005;24;9999.0;587.0
-1;55300;BANANAS;4894;25;;;;;4899;7;4901;25;;;4896.5;-690.75
-1;55400;BANANAS;4895;1;4894;22;;;4901;23;;;;;4898.0;-687.5469
-1;55400;PEARLS;9996;1;9995;22;;;10004;1;10005;22;;;10000.0;587.0
-1;55500;PEARLS;9995;26;;;;;10005;26;;;;;10000.0;587.0
-1;55500;BANANAS;4898;2;4894;26;;;4901;26;;;;;4899.5;-672.125
-1;55600;PEARLS;9998;7;9996;1;9995;27;10004;1;10005;27;;;10001.0;587.0
-1;55600;BANANAS;4895;7;4894;28;;;4900;1;4901;27;;;4897.5;-665.28125
-1;55700;BANANAS;4893;21;;;;;4898;7;4900;21;;;4895.5;-674.5156
-1;55700;PEARLS;9995;21;;;;;10002;7;10005;21;;;9998.5;587.0
-1;55800;BANANAS;4894;23;;;;;4900;2;4901;21;;;4897.0;-682.21875
-1;55800;PEARLS;9996;2;9995;21;;;10004;2;10005;21;;;10000.0;587.0
-1;55900;BANANAS;4894;24;;;;;4901;24;;;;;4897.5;-678.09375
-1;55900;PEARLS;9995;24;;;;;9998;11;10005;24;;;9996.5;587.0
-1;56000;PEARLS;9996;2;9995;20;;;10004;2;10005;20;;;10000.0;605.0
-1;56000;BANANAS;4895;22;;;;;4901;22;;;;;4898.0;-678.15625
-1;56100;BANANAS;4894;30;;;;;4901;30;;;;;4897.5;-685.84375
-1;56100;PEARLS;9996;1;9995;29;;;10004;1;10005;29;;;10000.0;605.0
-1;56200;BANANAS;4894;28;;;;;4900;2;4901;26;;;4897.0;-686.2031
-1;56200;PEARLS;9996;2;9995;26;;;10004;2;10005;26;;;10000.0;605.0
-1;56300;BANANAS;4894;23;;;;;4899;8;4901;23;;;4896.5;-679.3047
-1;56300;PEARLS;9995;23;;;;;10002;8;10005;23;;;9998.5;605.0
-1;56400;PEARLS;9998;6;9995;23;;;10005;23;;;;;10001.5;605.0
-1;56400;BANANAS;4895;6;4894;23;;;4901;23;;;;;4898.0;-673.9219
-1;56500;BANANAS;4894;25;;;;;4901;25;;;;;4897.5;-676.28906
-1;56500;PEARLS;9995;25;;;;;10005;25;;;;;10000.0;605.0
-1;56600;BANANAS;4894;27;;;;;4901;27;;;;;4897.5;-671.4219
-1;56600;PEARLS;9996;1;9995;26;;;10004;1;10005;26;;;10000.0;605.0
-1;56700;BANANAS;4894;24;;;;;4901;25;;;;;4897.5;-676.28906
-1;56700;PEARLS;9995;25;;;;;10005;25;;;;;10000.0;613.0
-1;56800;PEARLS;9995;24;;;;;10005;24;;;;;10000.0;613.0
-1;56800;BANANAS;4894;23;;;;;4900;24;;;;;4897.0;-673.90625
-1;56900;BANANAS;4895;5;4894;20;;;4901;20;;;;;4898.0;-676.8281
-1;56900;PEARLS;9998;5;9995;20;;;10005;20;;;;;10001.5;613.0
-1;57000;BANANAS;4893;25;;;;;4900;25;;;;;4896.5;-672.3203
-1;57000;PEARLS;9995;25;;;;;10005;25;;;;;10000.0;613.0
-1;57100;BANANAS;4894;2;4893;25;;;4900;27;;;;;4897.0;-373.14844
-1;57100;PEARLS;9996;2;9995;25;;;10004;2;10005;25;;;10000.0;615.0
-1;57200;PEARLS;9995;26;;;;;10005;26;;;;;10000.0;615.0
-1;57200;BANANAS;4893;26;;;;;4896;2;4900;26;;;4894.5;-375.6797
-1;57300;BANANAS;4893;25;;;;;4900;25;;;;;4896.5;-278.03125
-1;57300;PEARLS;10002;1;9995;25;;;10005;25;;;;;10003.5;615.0
-1;57400;BANANAS;4893;27;;;;;4898;2;4899;2;4900;26;4895.5;-281.6875
-1;57400;PEARLS;9996;2;9995;26;;;10002;2;10004;2;10005;26;9999.0;617.0
-1;57500;BANANAS;4892;31;;;;;4897;1;4899;31;;;4894.5;-292.20312
-1;57500;PEARLS;9996;1;9995;30;;;10002;1;10004;1;10005;30;9999.0;617.0
-1;57600;PEARLS;9995;29;;;;;9998;1;10005;29;;;9996.5;617.0
-1;57600;BANANAS;4892;29;;;;;4899;29;;;;;4895.5;-294.58594
-1;57700;BANANAS;4892;30;;;;;4897;2;4899;30;;;4894.5;-293.77344
-1;57700;PEARLS;9996;2;9995;28;;;10002;2;10004;2;10005;28;9999.0;619.0
-1;57800;BANANAS;4892;28;;;;;4899;28;;;;;4895.5;-295.03125
-1;57800;PEARLS;9996;2;9995;26;;;10004;2;10005;26;;;10000.0;619.0
-1;57900;BANANAS;4893;32;;;;;4899;2;4900;30;;;4896.0;-286.8711
-1;57900;PEARLS;10002;1;9996;2;9995;30;10004;2;10005;30;;;10003.0;619.0
-1;58000;PEARLS;9998;7;9995;23;;;10005;23;;;;;10001.5;621.0
-1;58000;BANANAS;4893;6;4892;23;;;4899;23;;;;;4896.0;-285.10156
-1;58100;BANANAS;4893;23;;;;;4899;1;4900;23;;;4896.0;-281.79688
-1;58100;PEARLS;9996;1;9995;23;;;10004;1;10005;23;;;10000.0;621.0
-1;58200;BANANAS;4893;26;;;;;4899;2;4900;24;;;4896.0;-286.625
-1;58200;PEARLS;9996;2;9995;24;;;10004;2;10005;24;;;10000.0;621.0
-1;58300;BANANAS;4893;23;;;;;4900;23;;;;;4896.5;-287.5703
-1;58300;PEARLS;9996;2;9995;21;;;9998;1;10004;2;10005;21;9997.0;621.0
-1;58400;PEARLS;9995;21;;;;;10000;4;10005;21;;;9997.5;623.0
-1;58400;BANANAS;4893;21;;;;;4900;21;;;;;4896.5;-294.1836
-1;58500;BANANAS;4894;1;4893;29;;;4900;30;;;;;4897.0;-295.84766
-1;58500;PEARLS;9996;1;9995;29;;;9998;1;10004;1;10005;29;9997.0;623.0
-1;58600;BANANAS;4894;2;4893;29;;;4899;2;4900;27;;;4896.5;-292.96875
-1;58600;PEARLS;9998;2;9996;2;9995;27;10004;2;10005;27;;;10001.0;625.0
-1;58700;BANANAS;4893;1;4892;24;;;4899;25;;;;;4896.0;-293.98438
-1;58700;PEARLS;9996;1;9995;24;;;10004;1;10005;24;;;10000.0;625.0
-1;58800;BANANAS;4894;5;4893;24;;;4900;24;;;;;4897.0;-290.32812
-1;58800;PEARLS;9998;4;9996;2;9995;22;10004;2;10005;22;;;10001.0;625.0
-1;58900;PEARLS;9995;22;;;;;9998;1;10005;22;;;9996.5;625.0
-1;58900;BANANAS;4894;22;;;;;4901;22;;;;;4897.5;-292.17188
-1;59000;PEARLS;9995;26;;;;;10005;26;;;;;10000.0;627.0
-1;59000;BANANAS;4895;9;4894;26;;;4901;26;;;;;4898.0;-294.7422
-1;59100;BANANAS;4893;30;;;;;4894;12;4900;30;;;4893.5;-293.8203
-1;59100;PEARLS;9995;30;;;;;9998;2;10005;30;;;9996.5;627.0
-1;59200;PEARLS;10000;3;9996;2;9995;29;10004;2;10005;29;;;10002.0;631.0
-1;59200;BANANAS;4897;1;4893;31;;;4900;31;;;;;4898.5;352.0
-1;59300;PEARLS;9996;2;9995;28;;;9998;13;10004;2;10005;28;9997.0;631.0
-1;59300;BANANAS;4894;2;4893;28;;;4900;30;;;;;4897.0;301.8042
-1;59400;PEARLS;9995;28;;;;;10005;28;;;;;10000.0;635.0
-1;59400;BANANAS;4894;28;;;;;4899;3;4901;28;;;4896.5;301.5879
-1;59500;BANANAS;4895;1;4894;29;;;4900;2;4901;27;;;4897.5;302.01562
-1;59500;PEARLS;9998;1;9996;2;9995;27;10004;2;10005;27;;;10001.0;635.0
-1;59600;PEARLS;9995;25;;;;;10005;25;;;;;10000.0;635.0
-1;59600;BANANAS;4894;25;;;;;4901;25;;;;;4897.5;301.55615
-1;59700;PEARLS;9998;8;9996;2;9995;26;10004;2;10005;26;;;10001.0;635.0
-1;59700;BANANAS;4895;8;4894;28;;;4901;28;;;;;4898.0;301.104
-1;59800;PEARLS;9995;20;;;;;10005;20;;;;;10000.0;635.0
-1;59800;BANANAS;4893;20;;;;;4900;20;;;;;4896.5;301.05615
-1;59900;BANANAS;4894;3;4893;22;;;4900;24;;;;;4897.0;300.82617
-1;59900;PEARLS;10002;1;9998;1;9996;2;10004;2;10005;22;;;10003.0;635.0
-1;60000;PEARLS;9998;4;9996;2;9995;29;10004;2;10005;29;;;10001.0;639.0
-1;60000;BANANAS;4894;4;4893;31;;;4900;31;;;;;4897.0;196.9375
-1;60100;PEARLS;9995;25;;;;;9998;1;10005;25;;;9996.5;639.0
-1;60100;BANANAS;4893;25;;;;;4900;25;;;;;4896.5;196.29004
-1;60200;PEARLS;10000;3;9996;1;9995;21;10004;1;10005;21;;;10002.0;641.0
-1;60200;BANANAS;4894;1;4893;21;;;4900;22;;;;;4897.0;196.35449
-1;60300;PEARLS;9996;2;9995;22;;;10004;2;10005;22;;;10000.0;641.0
-1;60300;BANANAS;4893;24;;;;;4900;24;;;;;4896.5;196.91699
-1;60400;BANANAS;4893;25;;;;;4900;25;;;;;4896.5;196.8291
-1;60400;PEARLS;10000;4;9996;1;9995;24;10004;1;10005;24;;;10002.0;641.0
-1;60500;PEARLS;9996;2;9995;20;;;10004;2;10005;20;;;10000.0;641.0
-1;60500;BANANAS;4893;22;;;;;4900;22;;;;;4896.5;196.54199
-1;60600;PEARLS;9995;27;;;;;10002;3;10005;27;;;9998.5;642.0
-1;60600;BANANAS;4893;27;;;;;4898;3;4900;27;;;4895.5;250.3086
-1;60700;PEARLS;9996;2;9995;29;;;10002;8;10004;2;10005;29;9999.0;642.0
-1;60700;BANANAS;4894;31;;;;;4898;8;4900;31;;;4896.0;249.85742
-1;60800;BANANAS;4894;25;;;;;4900;1;4901;24;;;4897.0;251.2998
-1;60800;PEARLS;9996;1;9995;24;;;10004;1;10005;24;;;10000.0;642.0
-1;60900;PEARLS;9996;2;9995;23;;;10004;2;10005;23;;;10000.0;642.0
-1;60900;BANANAS;4894;25;;;;;4900;2;4901;23;;;4897.0;252.21973
-1;61000;PEARLS;9996;1;9995;30;;;10004;1;10005;30;;;10000.0;642.0
-1;61000;BANANAS;4894;31;;;;;4900;31;;;;;4897.0;253.125
-1;61100;PEARLS;9996;2;9995;30;;;10004;2;10005;30;;;10000.0;643.0
-1;61100;BANANAS;4894;32;;;;;4895;2;4897;3;4900;2;4894.5;202.55469
-1;61200;BANANAS;4894;30;;;;;4901;30;;;;;4897.5;307.7964
-1;61200;PEARLS;9995;30;;;;;10005;30;;;;;10000.0;643.0
-1;61300;PEARLS;9996;1;9995;30;;;10004;1;10005;30;;;10000.0;643.0
-1;61300;BANANAS;4893;31;;;;;4900;31;;;;;4896.5;308.01074
-1;61400;PEARLS;10002;2;9996;2;9995;26;10004;2;10005;26;;;10003.0;643.0
-1;61400;BANANAS;4894;2;4893;26;;;4900;28;;;;;4897.0;307.47266
-1;61500;PEARLS;10002;6;9995;29;;;10005;29;;;;;10003.5;647.0
-1;61500;BANANAS;4893;29;;;;;4900;29;;;;;4896.5;306.66113
-1;61600;BANANAS;4893;26;;;;;4899;26;;;;;4896.0;306.6255
-1;61600;PEARLS;9996;1;9995;25;;;10004;1;10005;25;;;10000.0;659.0
-1;61700;PEARLS;9996;1;9995;22;;;10004;1;10005;22;;;10000.0;659.0
-1;61700;BANANAS;4898;1;4893;23;;;4899;1;4900;22;;;4898.5;306.91406
-1;61800;PEARLS;9995;29;;;;;10005;29;;;;;10000.0;659.0
-1;61800;BANANAS;4892;29;;;;;4899;29;;;;;4895.5;257.53613
-1;61900;PEARLS;9996;2;9995;23;;;9998;1;10004;2;10005;23;9997.0;659.0
-1;61900;BANANAS;4892;25;;;;;4899;25;;;;;4895.5;257.4453
-1;62000;BANANAS;4892;23;;;;;4898;1;4899;22;;;4895.0;258.83496
-1;62000;PEARLS;9996;1;9995;22;;;10004;1;10005;22;;;10000.0;661.0
-1;62100;PEARLS;9996;1;9995;24;;;10004;1;10005;24;;;10000.0;661.0
-1;62100;BANANAS;4892;25;;;;;4898;1;4899;24;;;4895.0;258.56055
-1;62200;PEARLS;9998;9;9995;26;;;10005;26;;;;;10001.5;661.0
-1;62200;BANANAS;4893;8;4892;26;;;4899;26;;;;;4896.0;259.3838
-1;62300;PEARLS;9996;1;9995;21;;;10004;1;10005;21;;;10000.0;661.0
-1;62300;BANANAS;4892;22;;;;;4899;22;;;;;4895.5;258.13477
-1;62400;BANANAS;4892;26;;;;;4899;26;;;;;4895.5;258.63086
-1;62400;PEARLS;9995;26;;;;;10005;26;;;;;10000.0;661.0
-1;62500;PEARLS;9996;2;9995;27;;;10004;2;10005;27;;;10000.0;661.0
-1;62500;BANANAS;4892;29;;;;;4899;29;;;;;4895.5;258.79688
-1;62600;PEARLS;9996;2;9995;29;;;10004;2;10005;29;;;10000.0;661.0
-1;62600;BANANAS;4893;2;4892;29;;;4899;31;;;;;4896.0;259.5957
-1;62700;PEARLS;9995;25;;;;;10002;4;10005;25;;;9998.5;661.0
-1;62700;BANANAS;4893;25;;;;;4898;4;4900;25;;;4895.5;258.87988
-1;62800;BANANAS;4893;28;;;;;4899;28;;;;;4896.0;259.98633
-1;62800;PEARLS;9996;1;9995;27;;;10004;1;10005;27;;;10000.0;661.0
-1;62900;PEARLS;9996;1;9995;21;;;10004;1;10005;21;;;10000.0;669.0
-1;62900;BANANAS;4894;1;4893;21;;;4900;22;;;;;4897.0;259.95898
-1;63000;PEARLS;9996;2;9995;25;;;10004;2;10005;25;;;10000.0;670.0
-1;63000;BANANAS;4893;27;;;;;4899;2;4900;25;;;4896.0;209.89062
-1;63100;BANANAS;4893;20;;;;;4898;1;4900;20;;;4895.5;-444.5703
-1;63100;PEARLS;9995;20;;;;;10002;1;10005;20;;;9998.5;670.0
-1;63200;BANANAS;4893;24;;;;;4900;24;;;;;4896.5;-645.2344
-1;63200;PEARLS;9995;24;;;;;10005;24;;;;;10000.0;670.0
-1;63300;BANANAS;4894;2;4893;26;;;4900;28;;;;;4897.0;-644.66406
-1;63300;PEARLS;9996;2;9995;26;;;10004;2;10005;26;;;10000.0;670.0
-1;63400;PEARLS;9996;1;9995;30;;;10002;9;10004;1;10005;30;9999.0;670.0
-1;63400;BANANAS;4894;1;4893;30;;;4898;9;4900;31;;;4896.0;-647.7578
-1;63500;PEARLS;9996;2;9995;30;;;9998;1;10002;3;10004;2;9997.0;670.0
-1;63500;BANANAS;4893;32;;;;;4898;3;4900;32;;;4895.5;-648.6172
-1;63600;BANANAS;4894;31;;;;;4898;6;4900;31;;;4896.0;-649.0
-1;63600;PEARLS;9996;1;9995;30;;;10002;6;10004;1;10005;30;9999.0;672.0
-1;63700;PEARLS;9998;8;9996;2;9995;22;10004;2;10005;22;;;10001.0;672.0
-1;63700;BANANAS;4895;8;4894;24;;;4900;24;;;;;4897.5;-643.96875
-1;63800;PEARLS;9996;2;9995;26;;;10004;2;10005;26;;;10000.0;673.0
-1;63800;BANANAS;4894;27;;;;;4901;28;;;;;4897.5;-584.89844
-1;63900;PEARLS;9995;25;;;;;10002;3;10005;25;;;9998.5;673.0
-1;63900;BANANAS;4894;25;;;;;4895;1;4899;3;4901;25;4894.5;-577.8672
-1;64000;BANANAS;4895;1;4894;30;;;4901;31;;;;;4898.0;-569.6797
-1;64000;PEARLS;9996;1;9995;30;;;10004;1;10005;30;;;10000.0;673.0
-1;64100;PEARLS;9995;29;;;;;10005;29;;;;;10000.0;673.0
-1;64100;BANANAS;4894;29;;;;;4901;29;;;;;4897.5;-602.9297
-1;64200;PEARLS;9996;1;9995;23;;;10002;1;10004;1;10005;23;9999.0;673.0
-1;64200;BANANAS;4895;1;4894;23;;;4899;1;4901;24;;;4897.0;-600.7422
-1;64300;PEARLS;9995;29;;;;;10005;29;;;;;10000.0;673.0
-1;64300;BANANAS;4895;29;;;;;4902;29;;;;;4898.5;-596.875
-1;64400;BANANAS;4894;25;;;;;4901;26;;;;;4897.5;-594.25
-1;64400;PEARLS;9996;1;9995;25;;;10004;1;10005;25;;;10000.0;673.0
-1;64500;PEARLS;9998;1;9996;1;9995;30;10004;1;10005;30;;;10001.0;673.0
-1;64500;BANANAS;4896;1;4895;31;;;4901;1;4902;30;;;4898.5;-597.1953
-1;64600;PEARLS;9996;1;9995;23;;;10004;1;10005;23;;;10000.0;673.0
-1;64600;BANANAS;4895;23;;;;;4901;1;4902;23;;;4898.0;-602.8203
-1;64700;BANANAS;4895;30;;;;;4900;1;4902;30;;;4897.5;-597.7656
-1;64700;PEARLS;9996;2;9995;28;;;10002;1;10004;2;10005;28;9999.0;673.0
-1;64800;BANANAS;4895;28;;;;;4900;4;4902;28;;;4897.5;-593.1406
-1;64800;PEARLS;9996;2;9995;26;;;10002;4;10004;2;10005;26;9999.0;673.0
-1;64900;BANANAS;4895;29;;;;;4902;30;;;;;4898.5;-587.97656
-1;64900;PEARLS;9995;30;;;;;10005;30;;;;;10000.0;673.0
-1;65000;PEARLS;9995;22;;;;;10002;3;10005;22;;;9998.5;673.0
-1;65000;BANANAS;4895;22;;;;;4900;3;4902;22;;;4897.5;-596.875
-1;65100;BANANAS;4896;9;4895;31;;;4902;31;;;;;4899.0;-594.6797
-1;65100;PEARLS;9998;9;9996;2;9995;29;10004;2;10005;29;;;10001.0;673.0
-1;65200;BANANAS;4895;25;;;;;4901;25;;;;;4898.0;-584.9219
-1;65200;PEARLS;10002;5;9995;25;;;10005;25;;;;;10003.5;674.0
-1;65300;BANANAS;4900;1;4895;5;4894;29;4901;31;;;;;4900.5;-579.4375
-1;65300;PEARLS;10002;1;9998;3;9996;2;10004;2;10005;29;;;10003.0;684.0
-1;65400;PEARLS;9996;1;9995;24;;;9998;1;10004;1;10005;24;9997.0;686.0
-1;65400;BANANAS;4894;25;;;;;4901;25;;;;;4897.5;-587.9844
-1;65500;BANANAS;4895;2;4894;25;;;4899;6;4901;27;;;4897.0;-591.7578
-1;65500;PEARLS;9996;2;9995;25;;;10002;6;10004;2;10005;25;9999.0;688.0
-1;65600;BANANAS;4895;8;4894;28;;;4901;28;;;;;4898.0;-592.125
-1;65600;PEARLS;9998;8;9995;28;;;10005;28;;;;;10001.5;688.0
-1;65700;BANANAS;4894;21;;;;;4901;21;;;;;4897.5;-593.8906
-1;65700;PEARLS;9995;21;;;;;10005;21;;;;;10000.0;688.0
-1;65800;PEARLS;9995;29;;;;;10005;29;;;;;10000.0;688.0
-1;65800;BANANAS;4894;29;;;;;4901;29;;;;;4897.5;-583.4453
-1;65900;BANANAS;4895;1;4894;26;;;4901;27;;;;;4898.0;-578.03906
-1;65900;PEARLS;9996;1;9995;26;;;10004;1;10005;26;;;10000.0;688.0
-1;66000;BANANAS;4894;21;;;;;4901;21;;;;;4897.5;-590.3906
-1;66000;PEARLS;9996;1;9995;20;;;9998;2;10004;1;10005;20;9997.0;688.0
-1;66100;BANANAS;4893;22;;;;;4900;22;;;;;4896.5;-489.02344
-1;66100;PEARLS;9995;22;;;;;10005;22;;;;;10000.0;694.0
-1;66200;PEARLS;9995;28;;;;;10005;28;;;;;10000.0;696.0
-1;66200;BANANAS;4894;28;;;;;4901;28;;;;;4897.5;-488.46875
-1;66300;BANANAS;4893;25;;;;;4900;25;;;;;4896.5;-493.96875
-1;66300;PEARLS;9995;25;;;;;9998;1;10005;25;;;9996.5;696.0
-1;66400;BANANAS;4893;29;;;;;4898;6;4899;29;;;4895.5;-487.70312
-1;66400;PEARLS;9996;1;9995;28;;;10002;6;10004;1;10005;28;9999.0;696.0
-1;66500;BANANAS;4892;23;;;;;4898;2;4899;22;;;4895.0;-490.5547
-1;66500;PEARLS;9996;2;9995;22;;;10004;2;10005;22;;;10000.0;696.0
-1;66600;PEARLS;9995;25;;;;;10002;8;10005;25;;;9998.5;696.0
-1;66600;BANANAS;4895;1;4892;25;;;4897;8;4899;25;;;4896.0;-8.246094
-1;66700;BANANAS;4894;6;4893;1;4892;30;4898;30;;;;;4896.0;-6.7226562
-1;66700;PEARLS;9998;1;9995;30;;;10005;30;;;;;10001.5;696.0
-1;66800;BANANAS;4891;24;;;;;4898;24;;;;;4894.5;-3.4726562
-1;66800;PEARLS;9996;2;9995;22;;;9998;1;10004;2;10005;22;9997.0;696.0
-1;66900;BANANAS;4891;29;;;;;4898;29;;;;;4894.5;0.05859375
-1;66900;PEARLS;9996;1;9995;28;;;10004;1;10005;28;;;10000.0;696.0
-1;67000;PEARLS;10002;4;9996;2;9995;30;10004;2;10005;30;;;10003.0;696.0
-1;67000;BANANAS;4892;2;4891;30;;;4893;5;4898;32;;;4892.5;2.9453125
-1;67100;BANANAS;4891;22;;;;;4892;1;4896;4;4898;22;4891.5;244.8789
-1;67100;PEARLS;9996;1;9995;21;;;10002;4;10004;1;10005;21;9999.0;704.0
-1;67200;BANANAS;4891;30;;;;;4897;2;4898;28;;;4894.0;295.94922
-1;67200;PEARLS;9996;2;9995;28;;;10004;2;10005;28;;;10000.0;708.0
-1;67300;BANANAS;4891;1;4890;25;;;4895;3;4897;26;;;4893.0;295.39355
-1;67300;PEARLS;9996;1;9995;25;;;10002;3;10004;1;10005;25;9999.0;708.0
-1;67400;PEARLS;9996;1;9995;29;;;9998;5;10004;1;10005;29;9997.0;708.0
-1;67400;BANANAS;4891;30;;;;;4897;1;4898;29;;;4894.0;1122.5859
-1;67500;PEARLS;9996;1;9995;28;;;10004;1;10005;28;;;10000.0;708.0
-1;67500;BANANAS;4892;1;4891;28;;;4898;29;;;;;4895.0;1132.2031
-1;67600;BANANAS;4891;31;;;;;4897;31;;;;;4894.0;1133.6641
-1;67600;PEARLS;9996;1;9995;30;;;10004;1;10005;30;;;10000.0;708.0
-1;67700;BANANAS;4892;2;4891;21;;;4898;21;;;;;4895.0;1134.9297
-1;67700;PEARLS;10002;1;9998;2;9995;21;10005;21;;;;;10003.5;708.0
-1;67800;BANANAS;4892;23;;;;;4898;23;;;;;4895.0;1142.2266
-1;67800;PEARLS;9996;2;9995;21;;;9998;1;10004;2;10005;21;9997.0;710.0
-1;67900;PEARLS;9996;2;9995;20;;;10002;4;10004;2;10005;20;9999.0;712.0
-1;67900;BANANAS;4893;2;4892;20;;;4897;4;4899;22;;;4895.0;1139.9375
-1;68000;PEARLS;9995;30;;;;;10005;30;;;;;10000.0;712.0
-1;68000;BANANAS;4892;30;;;;;4899;30;;;;;4895.5;1145.2734
-1;68100;BANANAS;4892;26;;;;;4899;26;;;;;4895.5;1328.0469
-1;68100;PEARLS;9995;26;;;;;10005;26;;;;;10000.0;712.0
-1;68200;PEARLS;9996;2;9995;24;;;10004;2;10005;24;;;10000.0;712.0
-1;68200;BANANAS;4892;26;;;;;4895;5;4898;2;4899;24;4893.5;1333.6562
-1;68300;PEARLS;9996;1;9995;26;;;10004;1;10005;26;;;10000.0;712.0
-1;68300;BANANAS;4892;1;4891;26;;;4898;27;;;;;4895.0;1325.9453
-1;68400;PEARLS;9998;6;9995;28;;;10005;28;;;;;10001.5;712.0
-1;68400;BANANAS;4892;34;;;;;4898;28;;;;;4895.0;1328.8906
-1;68500;BANANAS;4893;2;4892;24;;;4899;24;;;;;4896.0;1335.5859
-1;68500;PEARLS;9998;2;9996;1;9995;23;10004;1;10005;23;;;10001.0;712.0
-1;68600;PEARLS;9996;1;9995;30;;;10002;10;10004;1;10005;30;9999.0;712.0
-1;68600;BANANAS;4892;31;;;;;4897;10;4899;31;;;4894.5;1339.2578
-1;68700;PEARLS;10002;1;9998;7;9996;2;10004;2;10005;27;;;10003.0;712.0
-1;68700;BANANAS;4894;7;4893;29;;;4899;29;;;;;4896.5;1333.8281
-1;68800;PEARLS;9995;23;;;;;10005;23;;;;;10000.0;714.0
-1;68800;BANANAS;4893;23;;;;;4900;23;;;;;4896.5;504.80957
-1;68900;BANANAS;4896;6;4893;21;;;4900;21;;;;;4898.0;504.0498
-1;68900;PEARLS;9995;21;;;;;10005;21;;;;;10000.0;714.0
-1;69000;BANANAS;4894;3;4893;21;;;4900;21;;;;;4897.0;233.33398
-1;69000;PEARLS;9998;3;9996;1;9995;20;10004;1;10005;20;;;10001.0;714.0
-1;69100;PEARLS;9995;21;;;;;10005;21;;;;;10000.0;714.0
-1;69100;BANANAS;4893;21;;;;;4900;21;;;;;4896.5;233.44531
-1;69200;PEARLS;9996;1;9995;26;;;10002;6;10004;1;10005;26;9999.0;714.0
-1;69200;BANANAS;4893;27;;;;;4898;6;4899;1;4900;26;4895.5;232.16211
-1;69300;PEARLS;9996;2;9995;22;;;10004;2;10005;22;;;10000.0;714.0
-1;69300;BANANAS;4893;24;;;;;4899;2;4900;22;;;4896.0;230.51562
-1;69400;BANANAS;4893;28;;;;;4899;1;4900;27;;;4896.0;230.62695
-1;69400;PEARLS;10002;4;9996;1;9995;27;10004;1;10005;27;;;10003.0;714.0
-1;69500;PEARLS;10002;2;9998;3;9995;27;10005;27;;;;;10003.5;722.0
-1;69500;BANANAS;4894;3;4893;27;;;4900;27;;;;;4897.0;232.0332
-1;69600;PEARLS;9996;1;9995;24;;;10002;4;10004;1;10005;24;9999.0;726.0
-1;69600;BANANAS;4893;25;;;;;4898;4;4900;25;;;4895.5;233.38086
-1;69700;PEARLS;9996;2;9995;27;;;10004;2;10005;27;;;10000.0;727.0
-1;69700;BANANAS;4894;29;;;;;4901;29;;;;;4897.5;189.22461
-1;69800;BANANAS;4895;1;4894;26;;;4901;28;;;;;4898.0;190.08594
-1;69800;PEARLS;9996;2;9995;26;;;10004;2;10005;26;;;10000.0;727.0
-1;69900;PEARLS;9995;26;;;;;10005;26;;;;;10000.0;727.0
-1;69900;BANANAS;4895;26;;;;;4902;26;;;;;4898.5;190.7207
-1;70000;PEARLS;9998;10;9996;1;9995;28;10004;1;10005;28;;;10001.0;727.0
-1;70000;BANANAS;4896;10;4895;29;;;4902;29;;;;;4899.0;191.15625
-1;70100;PEARLS;9995;27;;;;;10002;6;10005;27;;;9998.5;727.0
-1;70100;BANANAS;4895;27;;;;;4900;6;4902;27;;;4897.5;192.6914
-1;70200;BANANAS;4896;1;4895;25;;;4902;26;;;;;4899.0;194.70508
-1;70200;PEARLS;9996;1;9995;25;;;10000;3;10004;1;10005;25;9998.0;727.0
-1;70300;PEARLS;9995;25;;;;;10005;25;;;;;10000.0;727.0
-1;70300;BANANAS;4895;25;;;;;4902;25;;;;;4898.5;198.87305
-1;70400;PEARLS;9996;2;9995;29;;;10002;4;10004;2;10005;29;9999.0;727.0
-1;70400;BANANAS;4895;31;;;;;4900;9;4902;31;;;4897.5;200.05469
-1;70500;PEARLS;9995;24;;;;;10005;24;;;;;10000.0;727.0
-1;70500;BANANAS;4895;24;;;;;4902;24;;;;;4898.5;197.43945
-1;70600;BANANAS;4900;1;4895;2;4894;27;4901;29;;;;;4900.5;200.08203
-1;70600;PEARLS;9996;2;9995;27;;;10004;2;10005;27;;;10000.0;727.0
-1;70700;PEARLS;9995;24;;;;;10002;2;10005;24;;;9998.5;732.0
-1;70700;BANANAS;4894;24;;;;;4899;2;4901;24;;;4896.5;161.92578
-1;70800;PEARLS;9996;2;9995;30;;;9998;1;10004;2;10005;30;9997.0;734.0
-1;70800;BANANAS;4895;1;4894;30;;;4901;32;;;;;4898.0;83.08984
-1;70900;PEARLS;9995;29;;;;;10005;29;;;;;10000.0;736.0
-1;70900;BANANAS;4894;29;;;;;4901;29;;;;;4897.5;88.03125
-1;71000;BANANAS;4899;1;4894;31;;;4901;31;;;;;4900.0;48.507812
-1;71000;PEARLS;9996;2;9995;29;;;10004;2;10005;29;;;10000.0;749.0
-1;71100;PEARLS;9996;2;9995;20;;;10004;2;10005;20;;;10000.0;749.0
-1;71100;BANANAS;4895;22;;;;;4896;7;4901;2;4902;20;4895.5;10.8515625
-1;71200;PEARLS;9996;2;9995;24;;;10004;2;10005;24;;;10000.0;749.0
-1;71200;BANANAS;4896;2;4895;24;;;4902;26;;;;;4899.0;301.6914
-1;71300;PEARLS;9995;20;;;;;10005;20;;;;;10000.0;749.0
-1;71300;BANANAS;4895;20;;;;;4902;20;;;;;4898.5;299.80762
-1;71400;BANANAS;4895;30;;;;;4902;30;;;;;4898.5;301.4043
-1;71400;PEARLS;9998;1;9995;30;;;10005;30;;;;;10001.5;749.0
-1;71500;PEARLS;9996;1;9995;30;;;10004;1;10005;30;;;10000.0;749.0
-1;71500;BANANAS;4895;31;;;;;4902;31;;;;;4898.5;297.4629
-1;71600;PEARLS;9995;22;;;;;10005;22;;;;;10000.0;749.0
-1;71600;BANANAS;4895;22;;;;;4902;22;;;;;4898.5;296.7373
-1;71700;PEARLS;9995;28;;;;;10005;28;;;;;10000.0;749.0
-1;71700;BANANAS;4895;28;;;;;4902;28;;;;;4898.5;296.30078
-1;71800;BANANAS;4895;2;4894;20;;;4901;22;;;;;4898.0;295.4248
-1;71800;PEARLS;9996;2;9995;20;;;10004;2;10005;20;;;10000.0;749.0
-1;71900;PEARLS;9996;2;9995;20;;;10004;2;10005;20;;;10000.0;749.0
-1;71900;BANANAS;4894;22;;;;;4897;5;4901;22;;;4895.5;295.1963
-1;72000;PEARLS;9995;29;;;;;10002;8;10005;29;;;9998.5;749.0
-1;72000;BANANAS;4893;29;;;;;4898;8;4900;29;;;4895.5;510.8037
-1;72100;BANANAS;4893;28;;;;;4894;3;4898;1;4900;28;4893.5;510.05957
-1;72100;PEARLS;9996;2;9995;26;;;10002;1;10004;2;10005;26;9999.0;749.0
-1;72200;BANANAS;4893;1;4892;20;;;4899;21;;;;;4896.0;645.1328
-1;72200;PEARLS;9996;1;9995;20;;;10004;1;10005;20;;;10000.0;749.0
-1;72300;BANANAS;4893;30;;;;;4899;1;4900;29;;;4896.0;1072.4688
-1;72300;PEARLS;9996;1;9995;29;;;10004;1;10005;29;;;10000.0;749.0
-1;72400;PEARLS;9995;24;;;;;10005;24;;;;;10000.0;749.0
-1;72400;BANANAS;4893;24;;;;;4900;24;;;;;4896.5;1071.9141
-1;72500;PEARLS;9996;2;9995;28;;;10004;2;10005;28;;;10000.0;749.0
-1;72500;BANANAS;4893;30;;;;;4899;2;4900;28;;;4896.0;1072.5312
-1;72600;BANANAS;4895;4;4892;24;;;4899;24;;;;;4897.0;1028.6406
-1;72600;PEARLS;9996;2;9995;22;;;10004;2;10005;22;;;10000.0;750.0
-1;72700;PEARLS;9995;29;;;;;10005;29;;;;;10000.0;750.0
-1;72700;BANANAS;4892;29;;;;;4899;29;;;;;4895.5;1035.875
-1;72800;PEARLS;9995;30;;;;;10005;30;;;;;10000.0;750.0
-1;72800;BANANAS;4893;30;;;;;4900;30;;;;;4896.5;1040.0469
-1;72900;PEARLS;9996;1;9995;23;;;10004;1;10005;23;;;10000.0;750.0
-1;72900;BANANAS;4893;24;;;;;4899;24;;;;;4896.0;1043.5703
-1;73000;BANANAS;4893;26;;;;;4900;26;;;;;4896.5;1047.125
-1;73000;PEARLS;9996;2;9995;24;;;10004;2;10005;24;;;10000.0;750.0
-1;73100;PEARLS;9996;2;9995;24;;;10002;5;10004;2;10005;24;9999.0;750.0
-1;73100;BANANAS;4893;26;;;;;4897;5;4899;26;;;4895.0;1049.0156
-1;73200;PEARLS;9996;1;9995;30;;;10004;1;10005;30;;;10000.0;750.0
-1;73200;BANANAS;4893;31;;;;;4900;31;;;;;4896.5;1059.1562
-1;73300;PEARLS;9996;2;9995;22;;;10004;2;10005;22;;;10000.0;750.0
-1;73300;BANANAS;4897;2;4893;24;;;4900;24;;;;;4898.5;1053.1016
-1;73400;BANANAS;4893;30;;;;;4898;6;4899;1;4900;29;4895.5;972.78516
-1;73400;PEARLS;9996;1;9995;29;;;9998;1;10002;6;10004;1;9997.0;750.0
-1;73500;BANANAS;4893;21;;;;;4899;21;;;;;4896.0;977.78906
-1;73500;PEARLS;9995;21;;;;;9998;1;10005;21;;;9996.5;752.0
-1;73600;PEARLS;10002;1;9995;21;;;10005;21;;;;;10003.5;754.0
-1;73600;BANANAS;4893;21;;;;;4900;21;;;;;4896.5;969.1406
-1;73700;BANANAS;4898;1;4892;20;;;4899;20;;;;;4898.5;967.6953
-1;73700;PEARLS;9995;20;;;;;9998;10;10005;20;;;9996.5;756.0
-1;73800;BANANAS;4893;6;4892;27;;;4899;27;;;;;4896.0;925.1797
-1;73800;PEARLS;10002;1;9998;6;9995;27;10005;27;;;;;10003.5;776.0
-1;73900;BANANAS;4893;5;4892;22;;;4899;24;;;;;4896.0;930.7461
-1;73900;PEARLS;9998;3;9996;2;9995;22;10004;2;10005;22;;;10001.0;778.0
-1;74000;PEARLS;9995;21;;;;;10005;21;;;;;10000.0;778.0
-1;74000;BANANAS;4892;21;;;;;4895;3;4899;21;;;4893.5;931.0156
-1;74100;BANANAS;4892;28;;;;;4898;26;;;;;4895.0;931.2969
-1;74100;PEARLS;9998;2;9996;2;9995;24;10004;2;10005;24;;;10001.0;778.0
-1;74200;BANANAS;4891;29;;;;;4898;29;;;;;4894.5;929.4297
-1;74200;PEARLS;9995;29;;;;;10005;29;;;;;10000.0;778.0
-1;74300;BANANAS;4891;24;;;;;4892;11;4898;24;;;4891.5;928.73047
-1;74300;PEARLS;9995;24;;;;;10005;24;;;;;10000.0;778.0
-1;74400;PEARLS;9995;21;;;;;10005;21;;;;;10000.0;778.0
-1;74400;BANANAS;4891;20;;;;;4898;21;;;;;4894.5;1379.5469
-1;74500;BANANAS;4894;1;4891;27;;;4897;27;;;;;4895.5;1376.8594
-1;74500;PEARLS;9995;27;;;;;10005;27;;;;;10000.0;778.0
-1;74600;BANANAS;4891;1;4890;27;;;4897;29;;;;;4894.0;1369.5781
-1;74600;PEARLS;9996;2;9995;27;;;10004;2;10005;27;;;10000.0;778.0
-1;74700;BANANAS;4890;22;;;;;4896;2;4897;20;;;4893.0;1367.0938
-1;74700;PEARLS;9996;2;9995;20;;;9998;1;10004;2;10005;20;9997.0;783.0
-1;74800;PEARLS;9996;2;9995;22;;;9998;2;10004;2;10005;22;9997.0;785.0
-1;74800;BANANAS;4890;24;;;;;4896;24;;;;;4893.0;1365.2734
-1;74900;BANANAS;4890;22;;;;;4895;3;4896;1;4897;21;4892.5;1352.4375
-1;74900;PEARLS;9996;1;9995;21;;;9998;1;10002;3;10004;1;9997.0;789.0
-1;75000;BANANAS;4890;25;;;;;4896;25;;;;;4893.0;1346.7344
-1;75000;PEARLS;9996;2;9995;23;;;10004;2;10005;23;;;10000.0;791.0
-1;75100;BANANAS;4891;5;4890;23;;;4897;23;;;;;4894.0;1346.9531
-1;75100;PEARLS;10002;1;10000;4;9998;5;10004;2;10005;21;;;10003.0;791.0
-1;75200;PEARLS;9996;1;9995;28;;;10004;1;10005;28;;;10000.0;793.0
-1;75200;BANANAS;4895;13;4890;29;;;4897;29;;;;;4896.0;1349.5781
-1;75300;BANANAS;4891;27;;;;;4892;1;4898;27;;;4891.5;764.4961
-1;75300;PEARLS;9995;27;;;;;10005;27;;;;;10000.0;793.0
-1;75400;BANANAS;4896;5;4892;28;;;4899;28;;;;;4897.5;815.1211
-1;75400;PEARLS;9996;2;9995;26;;;10004;2;10005;26;;;10000.0;793.0
-1;75500;BANANAS;4892;24;;;;;4898;24;;;;;4895.0;1155.2578
-1;75500;PEARLS;9996;1;9995;23;;;10004;1;10005;23;;;10000.0;793.0
-1;75600;PEARLS;9995;30;;;;;10002;9;10005;30;;;9998.5;793.0
-1;75600;BANANAS;4892;30;;;;;4897;9;4899;30;;;4894.5;1156.5703
-1;75700;BANANAS;4892;20;;;;;4897;1;4899;20;;;4894.5;1157.2656
-1;75700;PEARLS;9995;20;;;;;10002;1;10005;20;;;9998.5;793.0
-1;75800;BANANAS;4892;31;;;;;4899;31;;;;;4895.5;1143.0312
-1;75800;PEARLS;9996;2;9995;29;;;10004;2;10005;29;;;10000.0;793.0
-1;75900;BANANAS;4892;21;;;;;4895;1;4898;21;;;4893.5;1103.4688
-1;75900;PEARLS;9996;1;9995;20;;;10004;1;10005;20;;;10000.0;794.0
-1;76000;PEARLS;10000;4;9995;21;;;10002;9;10005;21;;;10001.0;794.0
-1;76000;BANANAS;4892;21;;;;;4897;9;4898;21;;;4894.5;1104.9844
-1;76100;BANANAS;4892;26;;;;;4898;1;4899;25;;;4895.0;1385.3203
-1;76100;PEARLS;9996;1;9995;25;;;10004;1;10005;25;;;10000.0;794.0
-1;76200;BANANAS;4892;20;;;;;4899;20;;;;;4895.5;1390.375
-1;76200;PEARLS;9995;20;;;;;10005;20;;;;;10000.0;794.0
-1;76300;BANANAS;4892;22;;;;;4893;1;4899;22;;;4892.5;1380.1719
-1;76300;PEARLS;9996;1;9995;21;;;9998;12;10004;1;10005;21;9997.0;794.0
-1;76400;BANANAS;4893;2;4892;26;;;4899;28;;;;;4896.0;1367.25
-1;76400;PEARLS;9996;2;9995;26;;;10004;2;10005;26;;;10000.0;816.0
-1;76500;PEARLS;9996;1;9995;20;;;10004;1;10005;20;;;10000.0;816.0
-1;76500;BANANAS;4893;21;;;;;4899;1;4900;20;;;4896.0;1355.0547
-1;76600;BANANAS;4898;1;4893;30;;;4900;30;;;;;4899.0;1348.1875
-1;76600;PEARLS;9995;30;;;;;10005;30;;;;;10000.0;816.0
-1;76700;BANANAS;4894;1;4893;26;;;4900;26;;;;;4897.0;1317.0
-1;76700;PEARLS;9998;1;9996;1;9995;25;10004;1;10005;25;;;10001.0;816.0
-1;76800;PEARLS;9996;2;9995;25;;;10004;2;10005;25;;;10000.0;816.0
-1;76800;BANANAS;4893;27;;;;;4894;1;4900;27;;;4893.5;1322.1641
-1;76900;PEARLS;9996;2;9995;21;;;10004;2;10005;21;;;10000.0;816.0
-1;76900;BANANAS;4894;2;4893;21;;;4900;23;;;;;4897.0;1366.0625
-1;77000;PEARLS;9996;2;9995;30;;;10004;2;10005;30;;;10000.0;816.0
-1;77000;BANANAS;4894;2;4893;30;;;4900;32;;;;;4897.0;1361.2422
-1;77100;BANANAS;4894;29;;;;;4900;30;;;;;4897.0;1366.5156
-1;77100;PEARLS;9996;1;9995;29;;;10004;1;10005;29;;;10000.0;816.0
-1;77200;PEARLS;9996;1;9995;29;;;10004;1;10005;29;;;10000.0;816.0
-1;77200;BANANAS;4894;30;;;;;4901;30;;;;;4897.5;1353.2656
-1;77300;PEARLS;9996;1;9995;23;;;10004;1;10005;23;;;10000.0;816.0
-1;77300;BANANAS;4895;1;4894;23;;;4901;24;;;;;4898.0;1361.6797
-1;77400;PEARLS;9996;1;9995;21;;;10004;1;10005;21;;;10000.0;816.0
-1;77400;BANANAS;4894;22;;;;;4901;22;;;;;4897.5;1357.125
-1;77500;BANANAS;4895;28;;;;;4901;28;;;;;4898.0;1360.5625
-1;77500;PEARLS;9996;2;9995;26;;;9998;3;10004;2;10005;26;9997.0;816.0
-1;77600;PEARLS;9996;1;9995;30;;;10004;1;10005;30;;;10000.0;816.0
-1;77600;BANANAS;4894;31;;;;;4901;31;;;;;4897.5;1359.3438
-1;77700;PEARLS;9998;4;9995;28;;;10005;28;;;;;10001.5;816.0
-1;77700;BANANAS;4895;5;4894;28;;;4901;28;;;;;4898.0;1350.0
-1;77800;PEARLS;9995;29;;;;;10005;29;;;;;10000.0;816.0
-1;77800;BANANAS;4894;29;;;;;4901;29;;;;;4897.5;1354.4375
-1;77900;PEARLS;9996;2;9995;24;;;9998;1;10004;2;10005;24;9997.0;816.0
-1;77900;BANANAS;4895;2;4894;24;;;4901;26;;;;;4898.0;1371.1875
-1;78000;BANANAS;4895;2;4894;27;;;4901;28;;;;;4898.0;1372.0938
-1;78000;PEARLS;9998;2;9996;1;9995;27;10004;1;10005;27;;;10001.0;816.0
-1;78100;PEARLS;10002;1;9998;4;9996;1;10004;1;10005;30;;;10003.0;816.0
-1;78100;BANANAS;4896;4;4895;31;;;4901;31;;;;;4898.5;1370.6406
-1;78200;PEARLS;9998;8;9996;1;9995;27;10004;1;10005;27;;;10001.0;818.0
-1;78200;BANANAS;4895;8;4894;28;;;4901;28;;;;;4898.0;1364.0469
-1;78300;PEARLS;9998;3;9995;28;;;10005;28;;;;;10001.5;818.0
-1;78300;BANANAS;4895;3;4894;28;;;4900;28;;;;;4897.5;1362.8438
-1;78400;BANANAS;4894;28;;;;;4900;2;4901;26;;;4897.0;1370.2734
-1;78400;PEARLS;9996;2;9995;26;;;10004;2;10005;26;;;10000.0;818.0
-1;78500;PEARLS;9995;21;;;;;10005;21;;;;;10000.0;825.0
-1;78500;BANANAS;4893;21;;;;;4900;21;;;;;4896.5;1356.5469
-1;78600;PEARLS;9996;2;9995;30;;;10004;2;10005;30;;;10000.0;825.0
-1;78600;BANANAS;4894;32;;;;;4900;32;;;;;4897.0;1359.3906
-1;78700;PEARLS;9995;21;;;;;10005;21;;;;;10000.0;833.0
-1;78700;BANANAS;4893;21;;;;;4900;21;;;;;4896.5;1349.3594
-1;78800;BANANAS;4900;1;4897;2;4895;2;4901;29;;;;;4900.5;1353.7891
-1;78800;PEARLS;10002;8;9996;2;9995;27;10004;2;10005;27;;;10003.0;833.0
-1;78900;PEARLS;9996;1;9995;29;;;10004;1;10005;29;;;10000.0;849.0
-1;78900;BANANAS;4894;1;4893;29;;;4900;30;;;;;4897.0;1324.4531
