day;timestamp;product;bid_price_1;bid_volume_1;bid_price_2;bid_volume_2;bid_price_3;bid_volume_3;ask_price_1;ask_volume_1;ask_price_2;ask_volume_2;ask_price_3;ask_volume_3;mid_price;profit_and_loss
-1;0;PEARLS;9998;1;9995;30;;;10005;30;;;;;10001.5;0.0
-1;0;BANANAS;4893;1;4892;30;;;4899;30;;;;;4896.0;0.0
-1;100;PEARLS;9996;1;9995;30;;;10002;6;10004;1;10005;30;9999.0;0.0
-1;100;BANANAS;4892;31;;;;;4896;7;4898;31;;;4894.0;0.0
-1;200;BANANAS;4892;22;;;;;4899;22;;;;;4895.5;0.0
-1;200;PEARLS;9996;1;9995;21;;;10004;1;10005;21;;;10000.0;0.0
-1;300;PEARLS;9996;2;9995;23;;;9998;3;10004;2;10005;23;9997.0;0.0
-1;300;BANANAS;4893;25;;;;;4899;2;4900;23;;;4896.0;0.0
-1;400;PEARLS;9998;5;9996;2;9995;23;10004;2;10005;23;;;10001.0;6.0
-1;400;BANANAS;4894;5;4893;25;;;4899;25;;;;;4896.5;0.0
-1;500;PEARLS;10002;1;9996;2;9995;22;10004;2;10005;22;;;10003.0;6.0
-1;500;BANANAS;4893;24;;;;;4899;24;;;;;4896.0;0.0
-1;600;BANANAS;4892;26;;;;;4897;9;4899;26;;;4894.5;0.0
-1;600;PEARLS;9996;2;9995;24;;;10002;9;10004;2;10005;24;9999.0;8.0
-1;700;PEARLS;9998;7;9995;27;;;10005;27;;;;;10001.5;8.0
-1;700;BANANAS;4892;7;4891;27;;;4898;27;;;;;4895.0;0.0
-1;800;PEARLS;9995;26;;;;;10005;26;;;;;10000.0;8.0
-1;800;BANANAS;4891;26;;;;;4898;26;;;;;4894.5;0.0
-1;900;BANANAS;4892;2;4891;27;;;4898;29;;;;;4895.0;0.0
-1;900;PEARLS;9996;2;9995;27;;;10004;2;10005;27;;;10000.0;8.0
-1;1000;BANANAS;4891;28;;;;;4897;2;4898;26;;;4894.0;0.0
-1;1000;PEARLS;9996;2;9995;26;;;10004;2;10005;26;;;10000.0;8.0
-1;1100;BANANAS;4891;25;;;;;4898;25;;;;;4894.5;0.0
-1;1100;PEARLS;9996;2;9995;23;;;10004;2;10005;23;;;10000.0;8.0
-1;1200;PEARLS;9998;9;9996;2;9995;28;10004;2;10005;28;;;10001.0;8.0
-1;1200;BANANAS;4892;9;4891;30;;;4898;30;;;;;4895.0;0.0
-1;1300;PEARLS;9996;1;9995;27;;;10004;1;10005;27;;;10000.0;8.0
-1;1300;BANANAS;4891;1;4890;27;;;4892;4;4897;28;;;4891.5;0.0
-1;1400;BANANAS;4891;1;4890;24;;;4897;26;;;;;4894.0;224.83789
-1;1400;PEARLS;9996;2;9995;24;;;10004;2;10005;24;;;10000.0;8.0
-1;1500;PEARLS;10002;1;9996;2;9995;20;10004;2;10005;20;;;10003.0;8.0
-1;1500;BANANAS;4896;1;4891;2;4890;20;4897;22;;;;;4896.5;223.22852
-1;1600;PEARLS;9996;1;9995;22;;;10004;1;10005;22;;;10000.0;10.0
-1;1600;BANANAS;4891;23;;;;;4897;23;;;;;4894.0;172.43945
-1;1700;PEARLS;9995;27;;;;;10005;27;;;;;10000.0;10.0
-1;1700;BANANAS;4890;27;;;;;4893;2;4897;27;;;4891.5;174.82715
-1;1800;BANANAS;4891;2;4890;25;;;4897;27;;;;;4894.0;285.91406
-1;1800;PEARLS;9996;2;9995;25;;;10004;2;10005;25;;;10000.0;10.0
-1;1900;PEARLS;9996;2;9995;29;;;10004;2;10005;29;;;10000.0;10.0
-1;1900;BANANAS;4890;31;;;;;4897;31;;;;;4893.5;283.41016
-1;2000;PEARLS;9996;1;9995;25;;;10002;7;10004;1;10005;25;9999.0;10.0
-1;2000;BANANAS;4890;26;;;;;4895;7;4896;1;4897;25;4892.5;283.22266
-1;2100;PEARLS;9995;23;;;;;10005;23;;;;;10000.0;10.0
-1;2100;BANANAS;4890;23;;;;;4897;23;;;;;4893.5;284.14648
-1;2200;BANANAS;4890;2;4889;30;;;4896;32;;;;;4893.0;285.4961
-1;2200;PEARLS;9996;2;9995;30;;;10004;2;10005;30;;;10000.0;10.0
-1;2300;PEARLS;9996;2;9995;22;;;10004;2;10005;22;;;10000.0;10.0
-1;2300;BANANAS;4890;2;4889;22;;;4896;24;;;;;4893.0;286.60742
-1;2400;PEARLS;9998;4;9996;2;9995;23;10004;2;10005;23;;;10001.0;10.0
-1;2400;BANANAS;4894;3;4890;6;4889;23;4896;25;;;;;4895.0;292.6914
-1;2500;BANANAS;4890;21;;;;;4891;5;4896;1;4897;20;4890.5;123.603516
-1;2500;PEARLS;9996;1;9995;20;;;10004;1;10005;20;;;10000.0;10.0
-1;2600;BANANAS;4889;25;;;;;4896;25;;;;;4892.5;415.55078
-1;2600;PEARLS;9995;25;;;;;10005;25;;;;;10000.0;10.0
-1;2700;BANANAS;4890;10;4889;24;;;4896;25;;;;;4893.0;417.54297
-1;2700;PEARLS;9998;4;9996;1;9995;24;10004;1;10005;24;;;10001.0;10.0
-1;2800;PEARLS;9998;5;9995;29;;;10005;29;;;;;10001.5;10.0
-1;2800;BANANAS;4895;1;4891;5;4890;29;4897;29;;;;;4896.0;416.04297
-1;2900;BANANAS;4891;25;;;;;4897;25;;;;;4894.0;360.39453
-1;2900;PEARLS;10002;10;9996;2;9995;23;10004;2;10005;23;;;10003.0;10.0
-1;3000;BANANAS;4891;31;;;;;4897;31;;;;;4894.0;360.6543
-1;3000;PEARLS;9996;2;9995;29;;;10004;2;10005;29;;;10000.0;30.0
-1;3100;BANANAS;4891;27;;;;;4897;2;4898;26;;;4894.0;364.48633
-1;3100;PEARLS;9996;2;9995;26;;;10004;2;10005;26;;;10000.0;30.0
-1;3200;PEARLS;9996;2;9995;30;;;10002;6;10004;2;10005;30;9999.0;30.0
-1;3200;BANANAS;4891;32;;;;;4896;6;4898;32;;;4893.5;363.03516
-1;3300;BANANAS;4891;28;;;;;4897;2;4898;26;;;4894.0;359.72852
-1;3300;PEARLS;9996;2;9995;26;;;10004;2;10005;26;;;10000.0;30.0
-1;3400;BANANAS;4891;29;;;;;4897;2;4898;27;;;4894.0;360.6211
-1;3400;PEARLS;9996;2;9995;27;;;10004;2;10005;27;;;10000.0;30.0
-1;3500;BANANAS;4891;30;;;;;4896;9;4897;2;4898;28;4893.5;361.7422
-1;3500;PEARLS;9996;2;9995;28;;;10002;9;10004;2;10005;28;9999.0;30.0
-1;3600;PEARLS;9995;21;;;;;9998;1;10005;21;;;9996.5;30.0
-1;3600;BANANAS;4891;21;;;;;4898;21;;;;;4894.5;365.42383
-1;3700;BANANAS;4892;31;;;;;4896;6;4898;31;;;4894.0;365.39844
-1;3700;PEARLS;9996;2;9995;29;;;10000;5;10002;7;10004;2;9998.0;32.0
-1;3800;BANANAS;4892;30;;;;;4898;1;4899;29;;;4895.0;365.16406
-1;3800;PEARLS;10002;1;9996;1;9995;29;10004;1;10005;29;;;10003.0;32.0
-1;3900;BANANAS;4893;1;4892;25;;;4898;25;;;;;4895.5;364.45117
-1;3900;PEARLS;9998;1;9995;25;;;10005;25;;;;;10001.5;34.0
-1;4000;PEARLS;10002;9;9996;2;9995;27;10004;2;10005;27;;;10003.0;34.0
-1;4000;BANANAS;4892;2;4891;27;;;4898;29;;;;;4895.0;364.29297
-1;4100;BANANAS;4892;24;;;;;4899;24;;;;;4895.5;362.17578
-1;4100;PEARLS;9996;1;9995;23;;;10004;1;10005;23;;;10000.0;52.0
-1;4200;BANANAS;4892;26;;;;;4893;10;4899;28;;;4892.5;362.08398
-1;4200;PEARLS;9996;2;9995;26;;;10004;2;10005;26;;;10000.0;52.0
-1;4300;BANANAS;4892;31;;;;;4899;31;;;;;4895.5;921.0
-1;4300;PEARLS;9996;2;9995;29;;;10004;2;10005;29;;;10000.0;52.0
-1;4400;PEARLS;9996;1;9995;26;;;9998;1;10004;1;10005;26;9997.0;52.0
-1;4400;BANANAS;4892;26;;;;;4899;27;;;;;4895.5;924.8672
-1;4500;BANANAS;4892;27;;;;;4899;27;;;;;4895.5;924.34375
-1;4500;PEARLS;9995;27;;;;;10005;27;;;;;10000.0;54.0
-1;4600;BANANAS;4893;1;4892;21;;;4899;22;;;;;4896.0;926.2344
-1;4600;PEARLS;9996;1;9995;21;;;10004;1;10005;21;;;10000.0;54.0
-1;4700;BANANAS;4892;27;;;;;4893;8;4899;27;;;4892.5;922.02344
-1;4700;PEARLS;9998;4;9996;1;9995;26;10004;1;10005;26;;;10001.0;54.0
-1;4800;PEARLS;10002;3;9996;1;9995;24;10004;1;10005;24;;;10003.0;54.0
-1;4800;BANANAS;4898;1;4893;1;4892;24;4899;25;;;;;4898.5;1146.8516
-1;4900;BANANAS;4893;22;;;;;4899;22;;;;;4896.0;1091.2812
-1;4900;PEARLS;9995;22;;;;;9998;4;10005;22;;;9996.5;60.0
-1;5000;BANANAS;4893;4;4892;22;;;4899;23;;;;;4896.0;1104.8516
-1;5000;PEARLS;9998;3;9996;1;9995;22;10004;1;10005;22;;;10001.0;68.0
-1;5100;BANANAS;4894;7;4893;25;;;4899;25;;;;;4896.5;1109.0312
-1;5100;PEARLS;10002;1;9998;9;9995;25;10005;25;;;;;10003.5;68.0
-1;5200;PEARLS;9996;2;9995;22;;;10004;2;10005;22;;;10000.0;70.0
-1;5200;BANANAS;4893;24;;;;;4900;24;;;;;4896.5;1107.1875
-1;5300;PEARLS;9995;25;;;;;10005;25;;;;;10000.0;70.0
-1;5300;BANANAS;4893;25;;;;;4900;25;;;;;4896.5;1111.1797
-1;5400;BANANAS;4894;27;;;;;4899;8;4901;27;;;4896.5;1116.1797
-1;5400;PEARLS;9995;27;;;;;10000;6;10002;8;10005;27;9997.5;70.0
-1;5500;BANANAS;4895;1;4894;29;;;4901;30;;;;;4898.0;1117.2266
-1;5500;PEARLS;9996;1;9995;29;;;10004;1;10005;29;;;10000.0;70.0
-1;5600;BANANAS;4896;8;4895;27;;;4901;1;4902;26;;;4898.5;1107.8906
-1;5600;PEARLS;10002;1;9998;8;9996;1;10004;1;10005;26;;;10003.0;70.0
-1;5700;PEARLS;9998;4;9996;2;9995;23;10004;2;10005;23;;;10001.0;72.0
-1;5700;BANANAS;4897;2;4896;4;4895;25;4901;25;;;;;4899.0;1121.6875
-1;5800;PEARLS;10002;1;9998;10;9995;24;10005;24;;;;;10003.5;72.0
-1;5800;BANANAS;4900;1;4895;10;4894;24;4901;24;;;;;4900.5;1121.2812
-1;5900;BANANAS;4895;21;;;;;4901;21;;;;;4898.0;1067.8594
-1;5900;PEARLS;10000;5;9996;1;9995;20;10004;1;10005;20;;;10002.0;74.0
-1;6000;PEARLS;9996;2;9995;22;;;9998;4;10004;2;10005;22;9997.0;74.0
-1;6000;BANANAS;4895;2;4894;22;;;4901;24;;;;;4898.0;1064.7109
-1;6100;PEARLS;9996;1;9995;24;;;10000;5;10002;2;10004;1;9998.0;82.0
-1;6100;BANANAS;4895;1;4894;24;;;4899;2;4901;25;;;4897.0;1070.3281
-1;6200;PEARLS;9996;1;9995;29;;;10004;1;10005;29;;;10000.0;82.0
-1;6200;BANANAS;4894;29;;;;;4895;12;4901;30;;;4894.5;1067.9375
-1;6300;BANANAS;4894;24;;;;;4901;25;;;;;4897.5;1183.1172
-1;6300;PEARLS;9995;25;;;;;10005;25;;;;;10000.0;82.0
-1;6400;PEARLS;10000;4;9995;23;;;10005;23;;;;;10002.5;82.0
-1;6400;BANANAS;4894;23;;;;;4901;23;;;;;4897.5;1185.1875
-1;6500;PEARLS;9995;20;;;;;10005;20;;;;;10000.0;82.0
-1;6500;BANANAS;4894;20;;;;;4901;20;;;;;4897.5;1189.1797
-1;6600;PEARLS;9996;1;9995;26;;;10004;1;10005;26;;;10000.0;82.0
-1;6600;BANANAS;4894;27;;;;;4901;27;;;;;4897.5;1197.2656
-1;6700;BANANAS;4894;28;;;;;4900;2;4901;26;;;4897.0;1192.7812
-1;6700;PEARLS;10002;4;9996;2;9995;26;10004;2;10005;26;;;10003.0;82.0
-1;6800;BANANAS;4894;1;4893;24;;;4899;1;4900;23;;;4896.5;1179.5234
-1;6800;PEARLS;9998;1;9996;1;9995;23;10004;1;10005;23;;;10001.0;90.0
-1;6900;PEARLS;9995;28;;;;;10005;28;;;;;10000.0;90.0
-1;6900;BANANAS;4898;1;4897;4;4893;28;4900;28;;;;;4899.0;1175.8203
-1;7000;PEARLS;10000;6;9998;7;9996;2;10004;2;10005;27;;;10002.0;90.0
-1;7000;BANANAS;4894;9;4893;27;;;4900;29;;;;;4897.0;1124.8672
-1;7100;PEARLS;9996;1;9995;29;;;10004;1;10005;29;;;10000.0;90.0
-1;7100;BANANAS;4893;30;;;;;4900;30;;;;;4896.5;1128.3047
-1;7200;BANANAS;4893;23;;;;;4899;2;4900;21;;;4896.0;1131.6406
-1;7200;PEARLS;9996;2;9995;21;;;10004;2;10005;21;;;10000.0;90.0
-1;7300;PEARLS;9996;2;9995;23;;;10002;4;10004;2;10005;23;9999.0;90.0
-1;7300;BANANAS;4893;25;;;;;4898;4;4900;25;;;4895.5;1124.0469
-1;7400;PEARLS;10002;1;9996;2;9995;28;10004;2;10005;28;;;10003.0;90.0
-1;7400;BANANAS;4894;30;;;;;4900;2;4901;28;;;4897.0;1120.7656
-1;7500;PEARLS;9995;29;;;;;10005;29;;;;;10000.0;90.0
-1;7500;BANANAS;4894;29;;;;;4901;29;;;;;4897.5;1118.4062
-1;7600;BANANAS;4895;2;4894;24;;;4901;26;;;;;4898.0;1106.3281
-1;7600;PEARLS;9996;2;9995;24;;;10004;2;10005;24;;;10000.0;90.0
-1;7700;PEARLS;9995;28;;;;;10005;28;;;;;10000.0;90.0
-1;7700;BANANAS;4900;1;4894;28;;;4901;28;;;;;4900.5;1093.4375
-1;7800;PEARLS;9996;1;9995;22;;;10004;1;10005;22;;;10000.0;90.0
-1;7800;BANANAS;4900;1;4895;1;4894;22;4901;23;;;;;4900.5;1054.0625
-1;7900;PEARLS;9996;1;9995;25;;;10002;4;10004;1;10005;25;9999.0;90.0
-1;7900;BANANAS;4895;26;;;;;4900;4;4901;1;4902;25;4897.5;996.5
-1;8000;BANANAS;4896;23;;;;;4902;23;;;;;4899.0;995.6094
-1;8000;PEARLS;9996;1;9995;22;;;10004;1;10005;22;;;10000.0;90.0
-1;8100;PEARLS;9995;22;;;;;10005;22;;;;;10000.0;90.0
-1;8100;BANANAS;4896;22;;;;;4902;22;;;;;4899.0;990.8125
-1;8200;PEARLS;9995;20;;;;;9998;1;10002;2;10005;20;9996.5;90.0
-1;8200;BANANAS;4896;20;;;;;4903;20;;;;;4899.5;990.0078
-1;8300;PEARLS;10002;1;9998;6;9996;1;10004;1;10005;26;;;10003.0;92.0
-1;8300;BANANAS;4897;7;4896;26;;;4903;27;;;;;4900.0;988.7422
-1;8400;BANANAS;4897;26;;;;;4904;26;;;;;4900.5;983.64844
-1;8400;PEARLS;9995;26;;;;;10005;26;;;;;10000.0;94.0
-1;8500;PEARLS;9995;30;;;;;10005;30;;;;;10000.0;94.0
-1;8500;BANANAS;4899;5;4896;30;;;4903;30;;;;;4901.0;974.41406
-1;8600;PEARLS;9996;1;9995;22;;;10004;1;10005;22;;;10000.0;94.0
-1;8600;BANANAS;4896;23;;;;;4903;23;;;;;4899.5;972.5547
-1;8700;PEARLS;9996;1;9995;29;;;10004;1;10005;29;;;10000.0;94.0
-1;8700;BANANAS;4896;30;;;;;4898;1;4903;30;;;4897.0;990.2344
-1;8800;BANANAS;4896;23;;;;;4897;4;4903;23;;;4896.5;1044.9375
-1;8800;PEARLS;9995;23;;;;;9998;12;10005;23;;;9996.5;94.0
-1;8900;PEARLS;10002;5;9996;1;9995;26;10004;1;10005;26;;;10003.0;118.0
-1;8900;BANANAS;4896;27;;;;;4902;1;4903;26;;;4899.0;1143.1562
-1;9000;PEARLS;9995;23;;;;;10002;7;10005;23;;;9998.5;128.0
-1;9000;BANANAS;4895;23;;;;;4900;7;4902;23;;;4897.5;1149.0625
-1;9100;PEARLS;9996;1;9995;30;;;10004;1;10005;30;;;10000.0;128.0
-1;9100;BANANAS;4896;31;;;;;4899;3;4903;31;;;4897.5;1159.0391
-1;9200;BANANAS;4896;24;;;;;4901;3;4903;24;;;4898.5;1151.9688
-1;9200;PEARLS;9995;24;;;;;10002;3;10005;24;;;9998.5;128.0
-1;9300;PEARLS;9995;23;;;;;10005;23;;;;;10000.0;128.0
-1;9300;BANANAS;4895;23;;;;;4902;23;;;;;4898.5;1151.3984
-1;9400;PEARLS;9996;2;9995;22;;;10004;2;10005;22;;;10000.0;128.0
-1;9400;BANANAS;4895;24;;;;;4902;24;;;;;4898.5;1155.6484
-1;9500;PEARLS;9998;9;9996;1;9995;28;10004;1;10005;28;;;10001.0;128.0
-1;9500;BANANAS;4897;9;4896;29;;;4902;1;4903;28;;;4899.5;1153.6094
-1;9600;BANANAS;4896;19;;;;;4902;20;;;;;4899.0;1150.1016
-1;9600;PEARLS;9995;20;;;;;10005;20;;;;;10000.0;128.0
-1;9700;PEARLS;9998;3;9995;25;;;10005;25;;;;;10001.5;128.0
-1;9700;BANANAS;4897;3;4896;25;;;4903;25;;;;;4900.0;1155.2578
-1;9800;PEARLS;9995;21;;;;;10002;5;10005;21;;;9998.5;128.0
-1;9800;BANANAS;4895;21;;;;;4900;5;4902;21;;;4897.5;1153.9844
-1;9900;BANANAS;4895;22;;;;;4902;22;;;;;4898.5;1151.3906
-1;9900;PEARLS;9995;22;;;;;10005;22;;;;;10000.0;128.0
-1;10000;BANANAS;4896;8;4895;31;;;4902;31;;;;;4899.0;1148.5
-1;10000;PEARLS;9998;8;9996;2;9995;29;10004;2;10005;29;;;10001.0;128.0
-1;10100;BANANAS;4895;22;;;;;4902;22;;;;;4898.5;1151.25
-1;10100;PEARLS;9995;22;;;;;10005;22;;;;;10000.0;128.0
-1;10200;PEARLS;9996;2;9995;23;;;10004;2;10005;23;;;10000.0;128.0
-1;10200;BANANAS;4895;25;;;;;4901;2;4902;23;;;4898.0;1158.0469
-1;10300;PEARLS;9996;2;9995;20;;;10004;2;10005;20;;;10000.0;128.0
-1;10300;BANANAS;4895;22;;;;;4896;4;4901;2;4902;20;4895.5;1154.2734
-1;10400;BANANAS;4895;30;;;;;4902;30;;;;;4898.5;1164.1094
-1;10400;PEARLS;9995;30;;;;;10005;30;;;;;10000.0;128.0
-1;10500;PEARLS;9998;4;9996;1;9995;27;10004;1;10005;27;;;10001.0;128.0
-1;10500;BANANAS;4896;4;4895;28;;;4901;28;;;;;4898.5;1143.0391
-1;10600;PEARLS;9995;23;;;;;9998;2;10002;6;10005;23;9996.5;128.0
-1;10600;BANANAS;4895;23;;;;;4900;6;4902;23;;;4897.5;1143.4844
-1;10700;PEARLS;9998;1;9995;23;;;10005;23;;;;;10001.5;132.0
-1;10700;BANANAS;4896;1;4895;23;;;4902;23;;;;;4899.0;1148.7266
-1;10800;BANANAS;4896;3;4895;23;;;4902;23;;;;;4899.0;1163.2812
-1;10800;PEARLS;10002;1;9998;4;9995;23;10005;23;;;;;10003.5;132.0
-1;10900;PEARLS;9996;1;9995;29;;;10004;1;10005;29;;;10000.0;134.0
-1;10900;BANANAS;4895;1;4894;29;;;4901;30;;;;;4898.0;1174.5625
-1;11000;PEARLS;9996;1;9995;29;;;10004;1;10005;29;;;10000.0;134.0
-1;11000;BANANAS;4894;30;;;;;4900;1;4901;29;;;4897.0;1160.4141
-1;11100;PEARLS;9996;2;9995;29;;;10002;4;10004;2;10005;29;9999.0;134.0
-1;11100;BANANAS;4894;31;;;;;4899;4;4900;2;4901;29;4896.5;1159.2109
-1;11200;BANANAS;4894;29;;;;;4901;29;;;;;4897.5;1159.875
-1;11200;PEARLS;10002;1;9996;1;9995;28;10004;1;10005;28;;;10003.0;134.0
-1;11300;BANANAS;4898;1;4894;27;;;4900;1;4901;26;;;4899.0;1149.2188
-1;11300;PEARLS;9996;1;9995;26;;;10004;1;10005;26;;;10000.0;136.0
-1;11400;PEARLS;9998;2;9996;1;9995;23;10004;1;10005;23;;;10001.0;136.0
-1;11400;BANANAS;4895;3;4894;24;;;4900;1;4901;23;;;4897.5;1088.6094
-1;11500;BANANAS;4894;2;4893;28;;;4900;29;;;;;4897.0;1082.2812
-1;11500;PEARLS;9998;1;9996;1;9995;28;10004;1;10005;28;;;10001.0;136.0
-1;11600;BANANAS;4892;26;;;;;4899;26;;;;;4895.5;1077.3984
-1;11600;PEARLS;9995;26;;;;;10005;26;;;;;10000.0;136.0
-1;11700;BANANAS;4893;22;;;;;4899;1;4900;21;;;4896.0;1080.4062
-1;11700;PEARLS;9996;1;9995;21;;;10004;1;10005;21;;;10000.0;136.0
-1;11800;PEARLS;9995;21;;;;;10005;21;;;;;10000.0;136.0
-1;11800;BANANAS;4893;21;;;;;4900;21;;;;;4896.5;1081.3516
-1;11900;BANANAS;4893;25;;;;;4900;25;;;;;4896.5;1069.0625
-1;11900;PEARLS;9995;25;;;;;10005;25;;;;;10000.0;136.0
-1;12000;BANANAS;4893;25;;;;;4900;25;;;;;4896.5;1062.6328
-1;12000;PEARLS;9995;25;;;;;10005;25;;;;;10000.0;136.0
-1;12100;BANANAS;4894;2;4893;20;;;4898;4;4900;22;;;4896.0;1049.4453
-1;12100;PEARLS;9996;2;9995;20;;;10002;3;10004;2;10005;20;9999.0;136.0
-1;12200;PEARLS;9998;10;9996;2;9995;26;10004;2;10005;26;;;10001.0;136.0
-1;12200;BANANAS;4894;12;4893;26;;;4900;28;;;;;4897.0;1059.1406
-1;12300;BANANAS;4893;24;;;;;4900;24;;;;;4896.5;1055.2266
-1;12300;PEARLS;9996;1;9995;23;;;10000;5;10004;1;10005;23;9998.0;136.0
-1;12400;BANANAS;4893;30;;;;;4899;1;4900;29;;;4896.0;1052.5156
-1;12400;PEARLS;9996;1;9995;29;;;10004;1;10005;29;;;10000.0;136.0
-1;12500;BANANAS;4892;31;;;;;4899;31;;;;;4895.5;1052.5859
-1;12500;PEARLS;10002;5;9996;2;9995;29;10004;2;10005;29;;;10003.0;136.0
-1;12600;PEARLS;9998;5;9996;1;9995;30;10004;1;10005;30;;;10001.0;146.0
-1;12600;BANANAS;4893;5;4892;31;;;4898;1;4899;30;;;4895.5;1048.5
-1;12700;BANANAS;4892;31;;;;;4899;31;;;;;4895.5;1057.9531
-1;12700;PEARLS;9996;2;9995;29;;;10004;2;10005;29;;;10000.0;146.0
-1;12800;BANANAS;4892;31;;;;;4896;3;4898;31;;;4894.0;1061.0156
-1;12800;PEARLS;9996;1;9995;30;;;10002;3;10004;1;10005;30;9999.0;146.0
-1;12900;BANANAS;4892;24;;;;;4899;24;;;;;4895.5;1066.8438
-1;12900;PEARLS;9995;24;;;;;10005;24;;;;;10000.0;146.0
-1;13000;PEARLS;9995;27;;;;;10005;27;;;;;10000.0;146.0
-1;13000;BANANAS;4892;27;;;;;4899;27;;;;;4895.5;1064.7812
-1;13100;BANANAS;4892;30;;;;;4899;30;;;;;4895.5;1068.9453
-1;13100;PEARLS;9996;2;9995;28;;;10004;2;10005;28;;;10000.0;146.0
-1;13200;BANANAS;4892;28;;;;;4899;28;;;;;4895.5;1063.5312
-1;13200;PEARLS;9995;28;;;;;10005;28;;;;;10000.0;146.0
-1;13300;BANANAS;4898;1;4893;2;4892;26;4899;28;;;;;4898.5;1068.4375
-1;13300;PEARLS;9996;2;9995;26;;;10004;2;10005;26;;;10000.0;146.0
-1;13400;PEARLS;10002;1;9996;1;9995;25;10004;1;10005;25;;;10003.0;146.0
-1;13400;BANANAS;4893;26;;;;;4900;26;;;;;4896.5;1020.375
-1;13500;BANANAS;4896;4;4893;30;;;4898;9;4900;30;;;4897.0;1026.9453
-1;13500;PEARLS;9996;1;9995;29;;;10002;9;10004;1;10005;29;9999.0;148.0
-1;13600;BANANAS;4893;25;;;;;4899;2;4900;23;;;4896.0;817.5078
-1;13600;PEARLS;9996;2;9995;23;;;10004;2;10005;23;;;10000.0;148.0
-1;13700;BANANAS;4896;5;4893;30;;;4897;7;4899;30;;;4896.5;818.1719
-1;13700;PEARLS;10000;2;9996;2;9995;28;10002;7;10004;2;10005;28;10001.0;148.0
-1;13800;PEARLS;9996;1;9995;24;;;10004;1;10005;24;;;10000.0;148.0
-1;13800;BANANAS;4893;25;;;;;4899;1;4900;24;;;4896.0;804.65625
-1;13900;BANANAS;4893;20;;;;;4898;2;4900;20;;;4895.5;796.53125
-1;13900;PEARLS;9995;20;;;;;10002;2;10005;20;;;9998.5;148.0
-1;14000;BANANAS;4899;1;4894;27;;;4900;27;;;;;4899.5;796.65625
-1;14000;PEARLS;9996;1;9995;26;;;10004;1;10005;26;;;10000.0;148.0
-1;14100;BANANAS;4894;2;4893;22;;;4900;24;;;;;4897.0;744.78516
-1;14100;PEARLS;10000;3;9996;2;9995;22;10004;2;10005;22;;;10002.0;148.0
-1;14200;BANANAS;4894;2;4893;22;;;4900;24;;;;;4897.0;743.97266
-1;14200;PEARLS;9996;2;9995;22;;;10004;2;10005;22;;;10000.0;148.0
-1;14300;PEARLS;9996;2;9995;28;;;10004;2;10005;28;;;10000.0;148.0
-1;14300;BANANAS;4894;30;;;;;4900;30;;;;;4897.0;753.4453
-1;14400;BANANAS;4895;9;4894;23;;;4901;23;;;;;4898.0;749.15234
-1;14400;PEARLS;9998;9;9996;1;9995;22;10004;1;10005;22;;;10001.0;148.0
-1;14500;BANANAS;4893;23;;;;;4894;1;4900;23;;;4893.5;753.8711
-1;14500;PEARLS;9996;1;9995;22;;;10000;2;10004;1;10005;22;9998.0;148.0
-1;14600;PEARLS;9995;21;;;;;10002;3;10005;21;;;9998.5;148.0
-1;14600;BANANAS;4893;21;;;;;4898;3;4900;21;;;4895.5;801.4844
-1;14700;PEARLS;9998;5;9996;2;9995;24;10004;2;10005;24;;;10001.0;148.0
-1;14700;BANANAS;4894;5;4893;26;;;4900;26;;;;;4897.0;801.08594
-1;14800;PEARLS;9996;2;9995;21;;;10004;2;10005;21;;;10000.0;148.0
-1;14800;BANANAS;4894;1;4893;21;;;4900;23;;;;;4897.0;803.3906
-1;14900;BANANAS;4893;30;;;;;4898;8;4900;30;;;4895.5;801.5703
-1;14900;PEARLS;9996;2;9995;28;;;10002;8;10004;2;10005;28;9999.0;148.0
-1;15000;PEARLS;9996;1;9995;22;;;10004;1;10005;22;;;10000.0;148.0
-1;15000;BANANAS;4893;23;;;;;4894;1;4900;23;;;4893.5;798.3828
-1;15100;PEARLS;10002;1;9996;1;9995;25;10004;1;10005;25;;;10003.0;148.0
-1;15100;BANANAS;4899;1;4894;26;;;4900;1;4901;25;;;4899.5;855.25
-1;15200;PEARLS;9998;3;9996;2;9995;23;10000;4;10004;2;10005;23;9999.0;148.0
-1;15200;BANANAS;4896;3;4894;5;4893;23;4900;25;;;;;4898.0;815.46875
-1;15300;BANANAS;4894;3;4893;24;;;4900;24;;;;;4897.0;808.1719
-1;15300;PEARLS;9998;3;9996;2;9995;22;10004;2;10005;22;;;10001.0;148.0
-1;15400;PEARLS;9996;2;9995;24;;;10002;4;10004;2;10005;24;9999.0;148.0
-1;15400;BANANAS;4893;26;;;;;4897;4;4899;26;;;4895.0;805.03906
-1;15500;PEARLS;9998;5;9995;20;;;10005;20;;;;;10001.5;148.0
-1;15500;BANANAS;4898;1;4893;5;4892;20;4899;20;;;;;4898.5;807.15625
-1;15600;PEARLS;9996;1;9995;23;;;10004;1;10005;23;;;10000.0;148.0
-1;15600;BANANAS;4892;24;;;;;4899;24;;;;;4895.5;766.8164
-1;15700;PEARLS;9996;2;9995;20;;;10004;2;10005;20;;;10000.0;148.0
-1;15700;BANANAS;4892;22;;;;;4899;22;;;;;4895.5;777.5078
-1;15800;BANANAS;4893;9;4892;26;;;4899;26;;;;;4896.0;776.46484
-1;15800;PEARLS;9998;5;9996;2;9995;24;10004;2;10005;24;;;10001.0;148.0
-1;15900;PEARLS;9998;10;9995;27;;;10005;27;;;;;10001.5;148.0
-1;15900;BANANAS;4893;10;4892;27;;;4899;27;;;;;4896.0;782.0781
-1;16000;PEARLS;9996;2;9995;25;;;10002;7;10004;2;10005;25;9999.0;148.0
-1;16000;BANANAS;4892;27;;;;;4897;7;4899;27;;;4894.5;788.66016
-1;16100;PEARLS;9998;4;9995;29;;;10005;29;;;;;10001.5;148.0
-1;16100;BANANAS;4894;4;4893;29;;;4900;29;;;;;4897.0;785.5703
-1;16200;BANANAS;4893;21;;;;;4894;1;4900;21;;;4893.5;785.46094
-1;16200;PEARLS;9995;21;;;;;10005;21;;;;;10000.0;148.0
-1;16300;PEARLS;9996;2;9995;29;;;10002;2;10004;2;10005;29;9999.0;148.0
-1;16300;BANANAS;4893;2;4892;29;;;4897;2;4899;31;;;4895.0;836.41406
-1;16400;PEARLS;9996;2;9995;22;;;9998;1;10004;2;10005;22;9997.0;148.0
-1;16400;BANANAS;4893;24;;;;;4899;2;4900;22;;;4896.0;840.28906
-1;16500;PEARLS;9996;2;9995;25;;;10004;2;10005;25;;;10000.0;150.0
-1;16500;BANANAS;4893;27;;;;;4900;27;;;;;4896.5;839.125
-1;16600;BANANAS;4893;25;;;;;4899;2;4900;23;;;4896.0;842.1797
-1;16600;PEARLS;9996;2;9995;23;;;10004;2;10005;23;;;10000.0;150.0
-1;16700;PEARLS;10002;3;9996;1;9995;23;10004;1;10005;23;;;10003.0;150.0
-1;16700;BANANAS;4893;23;;;;;4900;24;;;;;4896.5;837.9219
-1;16800;PEARLS;9996;2;9995;30;;;10002;5;10004;2;10005;30;9999.0;152.0
-1;16800;BANANAS;4893;32;;;;;4898;5;4900;32;;;4895.5;831.8281
-1;16900;PEARLS;9996;1;9995;23;;;10004;1;10005;23;;;10000.0;152.0
-1;16900;BANANAS;4894;1;4893;23;;;4900;24;;;;;4897.0;832.85156
-1;17000;BANANAS;4893;23;;;;;4900;23;;;;;4896.5;832.14844
-1;17000;PEARLS;9995;23;;;;;10005;23;;;;;10000.0;152.0
-1;17100;PEARLS;9998;6;9996;1;9995;30;10004;1;10005;30;;;10001.0;152.0
-1;17100;BANANAS;4894;6;4893;30;;;4900;31;;;;;4897.0;840.9844
-1;17200;PEARLS;9998;6;9996;2;9995;24;10004;2;10005;24;;;10001.0;152.0
-1;17200;BANANAS;4894;6;4893;26;;;4900;26;;;;;4897.0;844.3203
-1;17300;PEARLS;9995;28;;;;;9998;1;10002;3;10005;28;9996.5;152.0
-1;17300;BANANAS;4894;28;;;;;4895;2;4898;3;4900;28;4894.5;851.9922
-1;17400;BANANAS;4893;25;;;;;4900;25;;;;;4896.5;964.71094
-1;17400;PEARLS;9996;1;9995;24;;;10004;1;10005;24;;;10000.0;154.0
-1;17500;PEARLS;9996;1;9995;23;;;10004;1;10005;23;;;10000.0;154.0
-1;17500;BANANAS;4899;11;4894;24;;;4900;1;4901;23;;;4899.5;970.4922
-1;17600;PEARLS;9995;27;;;;;10005;27;;;;;10000.0;154.0
-1;17600;BANANAS;4894;27;;;;;4901;27;;;;;4897.5;411.76562
-1;17700;PEARLS;9996;1;9995;23;;;10004;1;10005;23;;;10000.0;154.0
-1;17700;BANANAS;4894;24;;;;;4901;24;;;;;4897.5;410.18164
-1;17800;BANANAS;4894;23;;;;;4901;23;;;;;4897.5;408.58594
-1;17800;PEARLS;9995;23;;;;;10005;23;;;;;10000.0;154.0
-1;17900;PEARLS;9998;8;9996;1;9995;29;10004;1;10005;29;;;10001.0;154.0
-1;17900;BANANAS;4895;9;4894;29;;;4901;30;;;;;4898.0;408.375
-1;18000;PEARLS;9998;7;9996;2;9995;26;10004;2;10005;26;;;10001.0;154.0
-1;18000;BANANAS;4896;7;4895;28;;;4901;28;;;;;4898.5;408.80273
-1;18100;PEARLS;9995;21;;;;;10005;21;;;;;10000.0;154.0
-1;18100;BANANAS;4895;21;;;;;4902;21;;;;;4898.5;410.3457
-1;18200;BANANAS;4900;1;4895;1;4894;23;4901;24;;;;;4900.5;410.68945
-1;18200;PEARLS;9996;1;9995;23;;;10004;1;10005;23;;;10000.0;154.0
-1;18300;PEARLS;9996;2;9995;27;;;10004;2;10005;27;;;10000.0;154.0
-1;18300;BANANAS;4894;29;;;;;4901;29;;;;;4897.5;358.7168
-1;18400;PEARLS;9996;1;9995;29;;;10004;1;10005;29;;;10000.0;154.0
-1;18400;BANANAS;4894;30;;;;;4900;1;4901;29;;;4897.0;361.31055
-1;18500;PEARLS;9998;3;9996;2;9995;30;10004;2;10005;30;;;10001.0;154.0
-1;18500;BANANAS;4894;5;4893;30;;;4900;32;;;;;4897.0;361.26367
-1;18600;BANANAS;4894;1;4893;30;;;4898;10;4900;31;;;4896.0;361.74805
-1;18600;PEARLS;9996;1;9995;30;;;10002;9;10004;1;10005;30;9999.0;154.0
-1;18700;BANANAS;4894;27;;;;;4900;2;4901;25;;;4897.0;361.1914
-1;18700;PEARLS;10002;9;9996;2;9995;25;10004;2;10005;25;;;10003.0;154.0
-1;18800;PEARLS;9996;2;9995;22;;;10004;2;10005;22;;;10000.0;156.0
-1;18800;BANANAS;4895;24;;;;;4901;24;;;;;4898.0;362.6953
-1;18900;BANANAS;4894;28;;;;;4901;28;;;;;4897.5;363.79297
-1;18900;PEARLS;9996;1;9995;27;;;10004;1;10005;27;;;10000.0;156.0
-1;19000;BANANAS;4894;24;;;;;4899;7;4901;25;;;4896.5;361.88867
-1;19000;PEARLS;9995;25;;;;;10002;7;10005;25;;;9998.5;156.0
-1;19100;PEARLS;9996;1;9995;28;;;10000;5;10004;1;10005;28;9998.0;156.0
-1;19100;BANANAS;4894;29;;;;;4900;1;4901;28;;;4897.0;361.41602
-1;19200;PEARLS;9996;1;9995;28;;;10002;7;10004;1;10005;28;9999.0;156.0
-1;19200;BANANAS;4894;29;;;;;4899;7;4900;1;4901;28;4896.5;362.49023
-1;19300;PEARLS;9996;2;9995;30;;;10004;2;10005;30;;;10000.0;156.0
-1;19300;BANANAS;4894;2;4893;30;;;4900;32;;;;;4897.0;363.59766
-1;19400;BANANAS;4894;21;;;;;4899;3;4900;1;4901;20;4896.5;365.6172
-1;19400;PEARLS;9996;1;9995;20;;;10002;3;10004;1;10005;20;9999.0;156.0
-1;19500;PEARLS;9996;2;9995;20;;;10004;2;10005;20;;;10000.0;156.0
-1;19500;BANANAS;4894;22;;;;;4900;2;4901;20;;;4897.0;365.23828
-1;19600;PEARLS;9996;2;9995;29;;;10004;2;10005;29;;;10000.0;156.0
-1;19600;BANANAS;4894;31;;;;;4900;2;4901;29;;;4897.0;365.75977
-1;19700;PEARLS;9996;1;9995;24;;;10002;2;10004;1;10005;24;9999.0;156.0
-1;19700;BANANAS;4894;1;4893;24;;;4898;2;4900;25;;;4896.0;365.67578
-1;19800;BANANAS;4893;20;;;;;4900;20;;;;;4896.5;366.02148
-1;19800;PEARLS;10002;4;9995;20;;;10005;20;;;;;10003.5;156.0
-1;19900;PEARLS;9996;1;9995;27;;;10004;1;10005;27;;;10000.0;156.0
-1;19900;BANANAS;4893;28;;;;;4899;1;4900;27;;;4896.0;365.40234
-1;20000;PEARLS;9996;1;9995;28;;;10002;4;10004;1;10005;28;9999.0;156.0
-1;20000;BANANAS;4893;29;;;;;4898;4;4899;1;4900;28;4895.5;367.0918
-1;20100;PEARLS;9998;9;9996;2;9995;29;10004;2;10005;29;;;10001.0;156.0
-1;20100;BANANAS;4893;12;4892;29;;;4899;31;;;;;4896.0;365.57812
-1;20200;BANANAS;4893;29;;;;;4900;29;;;;;4896.5;365.92188
-1;20200;PEARLS;9995;29;;;;;10005;29;;;;;10000.0;156.0
-1;20300;BANANAS;4893;23;;;;;4899;23;;;;;4896.0;364.39648
-1;20300;PEARLS;9996;2;9995;21;;;10004;2;10005;21;;;10000.0;156.0
-1;20400;PEARLS;9995;24;;;;;10005;24;;;;;10000.0;156.0
-1;20400;BANANAS;4892;24;;;;;4899;24;;;;;4895.5;365.375
-1;20500;BANANAS;4892;30;;;;;4899;30;;;;;4895.5;365.66797
-1;20500;PEARLS;9995;30;;;;;10005;30;;;;;10000.0;156.0
-1;20600;BANANAS;4892;23;;;;;4899;23;;;;;4895.5;369.78125
-1;20600;PEARLS;9996;2;9995;21;;;10004;2;10005;21;;;10000.0;156.0
-1;20700;BANANAS;4892;31;;;;;4893;1;4897;6;4898;1;4892.5;369.0
-1;20700;PEARLS;9996;1;9995;30;;;10002;6;10004;1;10005;30;9999.0;156.0
-1;20800;PEARLS;9996;2;9995;23;;;10004;2;10005;23;;;10000.0;156.0
-1;20800;BANANAS;4896;1;4891;25;;;4898;25;;;;;4897.0;430.20703
-1;20900;BANANAS;4891;24;;;;;4898;24;;;;;4894.5;374.87695
-1;20900;PEARLS;9996;1;9995;23;;;10004;1;10005;23;;;10000.0;156.0
-1;21000;BANANAS;4891;27;;;;;4892;3;4898;27;;;4891.5;376.1797
-1;21000;PEARLS;9995;27;;;;;10005;27;;;;;10000.0;156.0
-1;21100;BANANAS;4891;3;4890;28;;;4897;30;;;;;4894.0;555.22656
-1;21100;PEARLS;9998;1;9996;2;9995;28;10004;2;10005;28;;;10001.0;156.0
-1;21200;PEARLS;9995;23;;;;;10005;23;;;;;10000.0;156.0
-1;21200;BANANAS;4890;23;;;;;4897;23;;;;;4893.5;552.14844
-1;21300;BANANAS;4891;28;;;;;4897;29;;;;;4894.0;552.6875
-1;21300;PEARLS;9995;29;;;;;10005;29;;;;;10000.0;156.0
-1;21400;BANANAS;4891;30;;;;;4898;30;;;;;4894.5;555.7031
-1;21400;PEARLS;9995;30;;;;;10005;30;;;;;10000.0;156.0
-1;21500;BANANAS;4896;4;4892;2;4891;22;4898;24;;;;;4897.0;552.58594
-1;21500;PEARLS;9996;2;9995;22;;;10004;2;10005;22;;;10000.0;156.0
-1;21600;PEARLS;10002;1;9995;29;;;10005;29;;;;;10003.5;156.0
-1;21600;BANANAS;4895;2;4892;29;;;4899;29;;;;;4897.0;334.43848
-1;21700;BANANAS;4892;31;;;;;4897;10;4899;31;;;4894.5;220.91455
-1;21700;PEARLS;9996;1;9995;30;;;10002;10;10004;1;10005;30;9999.0;156.0
-1;21800;BANANAS;4893;6;4892;28;;;4899;29;;;;;4896.0;221.11182
-1;21800;PEARLS;9998;6;9996;1;9995;28;10004;1;10005;28;;;10001.0;156.0
-1;21900;BANANAS;4893;2;4892;28;;;4899;30;;;;;4896.0;220.79785
-1;21900;PEARLS;9996;2;9995;28;;;10004;2;10005;28;;;10000.0;156.0
-1;22000;PEARLS;9996;1;9995;23;;;10000;2;10004;1;10005;23;9998.0;156.0
-1;22000;BANANAS;4891;23;;;;;4898;24;;;;;4894.5;220.4956
-1;22100;BANANAS;4892;24;;;;;4898;2;4899;23;;;4895.0;220.80762
-1;22100;PEARLS;9996;2;9995;23;;;10004;2;10005;23;;;10000.0;156.0
-1;22200;BANANAS;4892;28;;;;;4897;4;4898;1;4899;27;4894.5;221.1748
-1;22200;PEARLS;9996;1;9995;27;;;10002;4;10004;1;10005;27;9999.0;156.0
-1;22300;BANANAS;4892;30;;;;;4898;30;;;;;4895.0;221.43604
-1;22300;PEARLS;9996;1;9995;29;;;10004;1;10005;29;;;10000.0;156.0
-1;22400;PEARLS;10002;2;9996;2;9995;24;10004;2;10005;24;;;10003.0;156.0
-1;22400;BANANAS;4891;26;;;;;4898;26;;;;;4894.5;221.31299
-1;22500;BANANAS;4891;27;;;;;4898;27;;;;;4894.5;221.5083
-1;22500;PEARLS;10002;6;9995;27;;;10005;27;;;;;10003.5;160.0
-1;22600;BANANAS;4891;27;;;;;4896;9;4897;1;4898;26;4893.5;221.4497
-1;22600;PEARLS;9996;1;9995;26;;;10002;9;10004;1;10005;26;9999.0;160.0
-1;22700;BANANAS;4891;28;;;;;4898;28;;;;;4894.5;221.82715
-1;22700;PEARLS;9995;28;;;;;10005;28;;;;;10000.0;160.0
-1;22800;PEARLS;9996;1;9995;29;;;9998;3;10004;1;10005;29;9997.0;160.0
-1;22800;BANANAS;4892;1;4891;29;;;4898;30;;;;;4895.0;221.10791
-1;22900;BANANAS;4892;2;4891;24;;;4898;26;;;;;4895.0;221.19678
-1;22900;PEARLS;9996;2;9995;24;;;9998;1;10004;2;10005;24;9997.0;166.0
-1;23000;BANANAS;4892;3;4891;26;;;4897;2;4898;24;;;4894.5;221.6753
-1;23000;PEARLS;9998;3;9996;2;9995;24;10004;2;10005;24;;;10001.0;168.0
-1;23100;BANANAS;4891;24;;;;;4896;10;4897;1;4898;23;4893.5;221.52783
-1;23100;PEARLS;9996;1;9995;23;;;10002;10;10004;1;10005;23;9999.0;168.0
-1;23200;BANANAS;4891;26;;;;;4896;10;4898;26;;;4893.5;221.34277
-1;23200;PEARLS;9995;26;;;;;9998;1;10002;10;10005;26;9996.5;168.0
-1;23300;PEARLS;9995;22;;;;;10005;22;;;;;10000.0;170.0
-1;23300;BANANAS;4891;22;;;;;4897;22;;;;;4894.0;220.95068
-1;23400;BANANAS;4892;6;4891;21;;;4898;21;;;;;4895.0;220.98047
-1;23400;PEARLS;9998;6;9995;21;;;10005;21;;;;;10001.5;170.0
-1;23500;BANANAS;4894;2;4891;28;;;4898;28;;;;;4896.0;220.84814
-1;23500;PEARLS;9996;2;9995;26;;;10004;2;10005;26;;;10000.0;170.0
-1;23600;PEARLS;9995;21;;;;;10002;6;10005;21;;;9998.5;170.0
-1;23600;BANANAS;4890;21;;;;;4895;3;4897;21;;;4892.5;221.15771
-1;23700;PEARLS;9995;24;;;;;10005;24;;;;;10000.0;170.0
-1;23700;BANANAS;4890;24;;;;;4897;24;;;;;4893.5;220.7085
-1;23800;PEARLS;9996;2;9995;21;;;10004;2;10005;21;;;10000.0;170.0
-1;23800;BANANAS;4891;23;;;;;4897;2;4898;21;;;4894.0;220.82812
-1;23900;BANANAS;4896;1;4891;20;;;4897;20;;;;;4896.5;220.57812
-1;23900;PEARLS;9995;20;;;;;10005;20;;;;;10000.0;170.0
-1;24000;PEARLS;9996;1;9995;22;;;10002;6;10004;1;10005;22;9999.0;170.0
-1;24000;BANANAS;4891;1;4890;22;;;4895;6;4897;23;;;4893.0;166.0
-1;24100;PEARLS;9996;2;9995;24;;;10004;2;10005;24;;;10000.0;170.0
-1;24100;BANANAS;4890;26;;;;;4897;26;;;;;4893.5;166.0
-1;24200;PEARLS;9998;4;9996;2;9995;25;10004;2;10005;25;;;10001.0;170.0
-1;24200;BANANAS;4896;1;4892;5;4891;27;4897;27;;;;;4896.5;166.0
-1;24300;BANANAS;4891;2;4890;21;;;4897;23;;;;;4894.0;114.08887
-1;24300;PEARLS;10002;6;9996;2;9995;21;10004;2;10005;21;;;10003.0;170.0
-1;24400;PEARLS;9995;25;;;;;10005;25;;;;;10000.0;180.0
-1;24400;BANANAS;4890;25;;;;;4897;25;;;;;4893.5;114.38965
-1;24500;PEARLS;9995;21;;;;;9998;2;10002;7;10005;21;9996.5;180.0
-1;24500;BANANAS;4894;4;4890;21;;;4895;7;4897;21;;;4894.5;113.56641
-1;24600;PEARLS;9996;1;9995;26;;;10004;1;10005;26;;;10000.0;184.0
-1;24600;BANANAS;4890;27;;;;;4896;27;;;;;4893.0;-102.54883
-1;24700;PEARLS;9996;2;9995;20;;;10004;2;10005;20;;;10000.0;184.0
-1;24700;BANANAS;4890;22;;;;;4896;2;4897;20;;;4893.0;-103.03711
-1;24800;BANANAS;4889;28;;;;;4896;28;;;;;4892.5;-102.10742
-1;24800;PEARLS;9996;2;9995;26;;;10004;2;10005;26;;;10000.0;184.0
-1;24900;PEARLS;9998;5;9996;2;9995;28;10004;2;10005;28;;;10001.0;184.0
-1;24900;BANANAS;4890;7;4889;28;;;4896;30;;;;;4893.0;-99.62891
-1;25000;PEARLS;9996;1;9995;26;;;10002;1;10004;1;10005;26;9999.0;184.0
-1;25000;BANANAS;4889;27;;;;;4894;1;4896;27;;;4891.5;-100.20508
-1;25100;PEARLS;9995;23;;;;;10005;23;;;;;10000.0;184.0
-1;25100;BANANAS;4892;6;4889;23;;;4896;23;;;;;4894.0;-96.9707
-1;25200;BANANAS;4890;25;;;;;4896;26;;;;;4893.0;-99.021484
-1;25200;PEARLS;9996;2;9995;24;;;10004;2;10005;24;;;10000.0;184.0
-1;25300;PEARLS;9996;2;9995;24;;;10002;1;10004;2;10005;24;9999.0;184.0
-1;25300;BANANAS;4890;2;4889;24;;;4894;1;4896;26;;;4892.0;-97.046875
-1;25400;PEARLS;9998;2;9996;2;9995;30;10004;2;10005;30;;;10001.0;184.0
-1;25400;BANANAS;4890;2;4889;32;;;4896;32;;;;;4893.0;-100.3418
-1;25500;PEARLS;9998;3;9996;2;9995;23;10004;2;10005;23;;;10001.0;184.0
-1;25500;BANANAS;4890;3;4889;25;;;4896;25;;;;;4893.0;-102.03711
-1;25600;BANANAS;4894;1;4889;31;;;4895;31;;;;;4894.5;-102.50781
-1;25600;PEARLS;9996;1;9995;30;;;10004;1;10005;30;;;10000.0;184.0
-1;25700;PEARLS;9996;1;9995;22;;;10004;1;10005;22;;;10000.0;184.0
-1;25700;BANANAS;4889;23;;;;;4895;1;4896;22;;;4892.0;-156.31055
-1;25800;PEARLS;9996;1;9995;27;;;10004;1;10005;27;;;10000.0;184.0
-1;25800;BANANAS;4889;28;;;;;4895;28;;;;;4892.0;-155.59375
-1;25900;PEARLS;9995;28;;;;;10005;28;;;;;10000.0;184.0
-1;25900;BANANAS;4888;28;;;;;4895;28;;;;;4891.5;-155.09766
-1;26000;BANANAS;4888;24;;;;;4893;7;4895;24;;;4890.5;-155.83203
-1;26000;PEARLS;9995;24;;;;;10002;7;10005;24;;;9998.5;184.0
-1;26100;PEARLS;9995;25;;;;;10002;7;10005;25;;;9998.5;184.0
-1;26100;BANANAS;4888;25;;;;;4893;7;4895;25;;;4890.5;-157.20117
-1;26200;PEARLS;9996;1;9995;25;;;10004;1;10005;25;;;10000.0;184.0
-1;26200;BANANAS;4888;26;;;;;4894;1;4895;25;;;4891.0;-157.6914
-1;26300;PEARLS;9995;24;;;;;10005;24;;;;;10000.0;184.0
-1;26300;BANANAS;4888;24;;;;;4895;24;;;;;4891.5;-156.82422
-1;26400;BANANAS;4888;28;;;;;4895;29;;;;;4891.5;-157.52734
-1;26400;PEARLS;10002;3;9995;29;;;10005;29;;;;;10003.5;184.0
-1;26500;PEARLS;9996;1;9995;23;;;10002;4;10004;1;10005;23;9999.0;188.0
-1;26500;BANANAS;4888;24;;;;;4893;3;4895;24;;;4890.5;-156.0
-1;26600;PEARLS;10002;3;9998;1;9996;1;10004;1;10005;21;;;10003.0;188.0
-1;26600;BANANAS;4889;1;4888;22;;;4894;1;4895;21;;;4891.5;-158.625
-1;26700;PEARLS;9995;24;;;;;10000;6;10005;24;;;9997.5;188.0
-1;26700;BANANAS;4888;24;;;;;4895;24;;;;;4891.5;-157.08594
-1;26800;BANANAS;4888;24;;;;;4895;24;;;;;4891.5;-159.07422
-1;26800;PEARLS;9995;24;;;;;10005;24;;;;;10000.0;188.0
-1;26900;PEARLS;9995;27;;;;;9998;1;10002;5;10005;27;9996.5;188.0
-1;26900;BANANAS;4888;27;;;;;4893;5;4895;27;;;4890.5;-157.72656
-1;27000;PEARLS;9996;1;9995;30;;;10002;7;10004;1;10005;30;9999.0;190.0
-1;27000;BANANAS;4889;31;;;;;4894;7;4895;31;;;4891.5;-158.98438
-1;27100;PEARLS;9996;2;9995;22;;;10002;7;10004;2;10005;22;9999.0;190.0
-1;27100;BANANAS;4889;2;4888;22;;;4893;7;4895;24;;;4891.0;-159.2461
-1;27200;BANANAS;4893;3;4890;2;4889;31;4895;31;;;;;4894.0;-160.05078
-1;27200;PEARLS;9998;2;9996;2;9995;29;10004;2;10005;29;;;10001.0;190.0
-1;27300;PEARLS;10000;5;9996;2;9995;25;10004;2;10005;25;;;10002.0;190.0
-1;27300;BANANAS;4889;27;;;;;4895;27;;;;;4892.0;-330.85938
-1;27400;PEARLS;9996;1;9995;24;;;10004;1;10005;24;;;10000.0;190.0
-1;27400;BANANAS;4889;25;;;;;4895;25;;;;;4892.0;-329.89844
-1;27500;BANANAS;4888;26;;;;;4890;1;4893;10;4895;26;4889.0;-327.30078
-1;27500;PEARLS;9996;2;9995;24;;;10002;10;10004;2;10005;24;9999.0;190.0
-1;27600;BANANAS;4888;23;;;;;4895;23;;;;;4891.5;-268.48047
-1;27600;PEARLS;9996;1;9995;22;;;9998;1;10004;1;10005;22;9997.0;190.0
-1;27700;BANANAS;4888;26;;;;;4895;26;;;;;4891.5;-272.16016
-1;27700;PEARLS;9996;2;9995;24;;;10004;2;10005;24;;;10000.0;192.0
-1;27800;PEARLS;9995;28;;;;;10005;28;;;;;10000.0;192.0
-1;27800;BANANAS;4888;28;;;;;4895;28;;;;;4891.5;-278.95703
-1;27900;PEARLS;9996;1;9995;25;;;9998;4;10004;1;10005;25;9997.0;192.0
-1;27900;BANANAS;4888;26;;;;;4894;1;4895;25;;;4891.0;-277.5703
-1;28000;BANANAS;4888;24;;;;;4893;9;4894;24;;;4890.5;-271.42188
-1;28000;PEARLS;9995;24;;;;;10002;9;10005;24;;;9998.5;200.0
-1;28100;PEARLS;9995;22;;;;;10005;22;;;;;10000.0;200.0
-1;28100;BANANAS;4888;22;;;;;4895;22;;;;;4891.5;-268.73438
-1;28200;PEARLS;9996;1;9995;29;;;10004;1;10005;29;;;10000.0;200.0
-1;28200;BANANAS;4888;1;4887;29;;;4894;30;;;;;4891.0;-271.96094
-1;28300;PEARLS;9996;1;9995;23;;;10002;7;10004;1;10005;23;9999.0;200.0
-1;28300;BANANAS;4888;24;;;;;4892;7;4894;24;;;4890.0;-274.1211
-1;28400;BANANAS;4887;21;;;;;4892;9;4894;21;;;4889.5;-278.98047
-1;28400;PEARLS;9995;21;;;;;10002;9;10005;21;;;9998.5;200.0
-1;28500;PEARLS;9996;1;9995;30;;;10004;1;10005;30;;;10000.0;200.0
-1;28500;BANANAS;4892;1;4887;31;;;4894;31;;;;;4893.0;-281.9375
-1;28600;PEARLS;9998;7;9996;2;9995;29;10004;2;10005;29;;;10001.0;200.0
-1;28600;BANANAS;4888;6;4887;31;;;4894;31;;;;;4891.0;-347.14062
-1;28700;PEARLS;9996;1;9995;24;;;10004;1;10005;24;;;10000.0;200.0
-1;28700;BANANAS;4887;25;;;;;4893;1;4894;24;;;4890.0;-351.22656
-1;28800;BANANAS;4887;2;4886;20;;;4893;22;;;;;4890.0;-353.6914
-1;28800;PEARLS;9996;2;9995;20;;;10004;2;10005;20;;;10000.0;200.0
-1;28900;PEARLS;9995;22;;;;;10005;22;;;;;10000.0;200.0
-1;28900;BANANAS;4887;22;;;;;4894;22;;;;;4890.5;-361.07422
-1;29000;PEARLS;9995;24;;;;;10005;24;;;;;10000.0;200.0
-1;29000;BANANAS;4887;24;;;;;4894;24;;;;;4890.5;-362.83203
-1;29100;BANANAS;4888;9;4887;31;;;4893;2;4894;29;;;4890.5;-363.9336
-1;29100;PEARLS;9998;9;9996;2;9995;29;10004;2;10005;29;;;10001.0;200.0
-1;29200;BANANAS;4887;20;;;;;4892;4;4894;20;;;4889.5;-368.1797
-1;29200;PEARLS;9995;20;;;;;10002;3;10005;20;;;9998.5;200.0
-1;29300;BANANAS;4887;25;;;;;4888;1;4894;25;;;4887.5;-363.91406
-1;29300;PEARLS;9995;25;;;;;10005;25;;;;;10000.0;200.0
-1;29400;PEARLS;9996;1;9995;23;;;10004;1;10005;23;;;10000.0;200.0
-1;29400;BANANAS;4892;4;4888;1;4887;23;4894;24;;;;;4893.0;-297.33203
-1;29500;BANANAS;4888;24;;;;;4894;24;;;;;4891.0;-538.1133
-1;29500;PEARLS;10002;1;9996;2;9995;22;10004;2;10005;22;;;10003.0;200.0
-1;29600;BANANAS;4887;20;;;;;4894;20;;;;;4890.5;-540.0703
-1;29600;PEARLS;9995;20;;;;;9998;1;10005;20;;;9996.5;202.0
-1;29700;BANANAS;4888;27;;;;;4894;27;;;;;4891.0;-541.4531
-1;29700;PEARLS;9996;1;9995;26;;;10004;1;10005;26;;;10000.0;204.0
-1;29800;PEARLS;9998;7;9996;1;9995;29;10004;1;10005;29;;;10001.0;204.0
-1;29800;BANANAS;4888;7;4887;30;;;4894;30;;;;;4891.0;-534.41016
-1;29900;BANANAS;4888;8;4887;27;;;4894;27;;;;;4891.0;-540.64453
-1;29900;PEARLS;9998;8;9996;1;9995;26;10000;2;10004;1;10005;26;9999.0;204.0
-1;30000;BANANAS;4887;21;;;;;4892;6;4894;21;;;4889.5;-543.7422
-1;30000;PEARLS;9996;1;9995;20;;;10002;7;10004;1;10005;20;9999.0;204.0
-1;30100;BANANAS;4887;22;;;;;4894;22;;;;;4890.5;-532.1836
-1;30100;PEARLS;9995;22;;;;;10000;5;10005;22;;;9997.5;204.0
-1;30200;PEARLS;9996;2;9995;22;;;10004;2;10005;22;;;10000.0;204.0
-1;30200;BANANAS;4887;24;;;;;4890;2;4894;24;;;4888.5;-534.83203
-1;30300;BANANAS;4888;2;4887;28;;;4892;7;4894;30;;;4890.0;-406.41406
-1;30300;PEARLS;9996;2;9995;28;;;10002;7;10004;2;10005;28;9999.0;204.0
-1;30400;BANANAS;4888;2;4887;21;;;4894;23;;;;;4891.0;-401.57812
-1;30400;PEARLS;9996;2;9995;21;;;10004;2;10005;21;;;10000.0;204.0
-1;30500;BANANAS;4887;29;;;;;4893;1;4894;28;;;4890.0;-397.69922
-1;30500;PEARLS;9996;1;9995;28;;;10004;1;10005;28;;;10000.0;204.0
-1;30600;PEARLS;9995;30;;;;;10005;30;;;;;10000.0;204.0
-1;30600;BANANAS;4886;30;;;;;4893;30;;;;;4889.5;-405.6289
-1;30700;BANANAS;4891;3;4887;23;;;4893;23;;;;;4892.0;-402.84375
-1;30700;PEARLS;9996;1;9995;22;;;10004;1;10005;22;;;10000.0;204.0
-1;30800;BANANAS;4887;29;;;;;4893;29;;;;;4890.0;-588.5586
-1;30800;PEARLS;9995;29;;;;;10005;29;;;;;10000.0;204.0
-1;30900;BANANAS;4887;2;4886;23;;;4893;23;;;;;4890.0;-590.1094
-1;30900;PEARLS;9998;2;9995;23;;;10005;23;;;;;10001.5;204.0
-1;31000;PEARLS;9995;20;;;;;10005;20;;;;;10000.0;204.0
-1;31000;BANANAS;4887;20;;;;;4894;20;;;;;4890.5;-602.77734
-1;31100;BANANAS;4887;22;;;;;4893;22;;;;;4890.0;-604.6758
-1;31100;PEARLS;9996;1;9995;21;;;10004;1;10005;21;;;10000.0;204.0
-1;31200;BANANAS;4887;1;4886;27;;;4893;29;;;;;4890.0;-601.8711
-1;31200;PEARLS;9996;2;9995;27;;;10004;2;10005;27;;;10000.0;204.0
-1;31300;BANANAS;4886;30;;;;;4893;30;;;;;4889.5;-606.98047
-1;31300;PEARLS;9995;30;;;;;10005;30;;;;;10000.0;204.0
-1;31400;PEARLS;9996;2;9995;30;;;10004;2;10005;30;;;10000.0;204.0
-1;31400;BANANAS;4887;32;;;;;4894;32;;;;;4890.5;-615.3672
-1;31500;BANANAS;4887;23;;;;;4888;1;4894;23;;;4887.5;-616.40625
-1;31500;PEARLS;9995;23;;;;;10005;23;;;;;10000.0;204.0
-1;31600;BANANAS;4889;2;4888;32;;;4894;32;;;;;4891.5;-555.3672
-1;31600;PEARLS;9998;2;9996;2;9995;30;10004;2;10005;30;;;10001.0;204.0
-1;31700;BANANAS;4887;29;;;;;4892;2;4894;29;;;4889.5;-551.125
-1;31700;PEARLS;9995;29;;;;;9998;4;10002;2;10005;29;9996.5;204.0
-1;31800;PEARLS;9995;21;;;;;10005;21;;;;;10000.0;212.0
-1;31800;BANANAS;4887;21;;;;;4894;21;;;;;4890.5;-545.16016
-1;31900;BANANAS;4888;11;4887;27;;;4894;29;;;;;4891.0;-550.375
-1;31900;PEARLS;9998;9;9996;2;9995;27;10004;2;10005;27;;;10001.0;212.0
-1;32000;BANANAS;4887;30;;;;;4893;30;;;;;4890.0;-550.41016
-1;32000;PEARLS;9996;1;9995;29;;;10000;3;10004;1;10005;29;9998.0;212.0
-1;32100;BANANAS;4887;31;;;;;4894;31;;;;;4890.5;-553.2461
-1;32100;PEARLS;9996;1;9995;30;;;10004;1;10005;30;;;10000.0;212.0
-1;32200;BANANAS;4887;1;4886;25;;;4891;6;4893;26;;;4889.0;-550.7578
-1;32200;PEARLS;9996;1;9995;25;;;10002;7;10004;1;10005;25;9999.0;212.0
-1;32300;PEARLS;9996;1;9995;25;;;10002;6;10004;1;10005;25;9999.0;212.0
-1;32300;BANANAS;4886;26;;;;;4891;7;4892;1;4893;25;4888.5;-546.4844
-1;32400;PEARLS;9996;2;9995;27;;;10002;1;10004;2;10005;27;9999.0;212.0
-1;32400;BANANAS;4886;1;4885;27;;;4890;1;4892;29;;;4888.0;-544.5
-1;32500;BANANAS;4890;1;4885;25;;;4892;25;;;;;4891.0;-542.3594
-1;32500;PEARLS;9996;2;9995;23;;;10004;2;10005;23;;;10000.0;212.0
-1;32600;PEARLS;9995;30;;;;;10005;30;;;;;10000.0;212.0
-1;32600;BANANAS;4885;30;;;;;4892;30;;;;;4888.5;-604.21094
-1;32700;PEARLS;10002;1;9996;1;9995;26;10004;1;10005;26;;;10003.0;212.0
-1;32700;BANANAS;4886;27;;;;;4892;27;;;;;4889.0;-602.09375
-1;32800;PEARLS;9995;23;;;;;10005;23;;;;;10000.0;214.0
-1;32800;BANANAS;4885;23;;;;;4892;23;;;;;4888.5;-598.39844
-1;32900;BANANAS;4886;1;4885;23;;;4890;1;4892;24;;;4888.0;-600.8086
-1;32900;PEARLS;9996;1;9995;23;;;10002;1;10004;1;10005;23;9999.0;214.0
-1;33000;PEARLS;10002;1;9996;1;9995;27;10004;1;10005;27;;;10003.0;214.0
-1;33000;BANANAS;4885;28;;;;;4892;28;;;;;4888.5;-596.09375
-1;33100;PEARLS;9995;24;;;;;10005;24;;;;;10000.0;216.0
-1;33100;BANANAS;4884;24;;;;;4891;24;;;;;4887.5;-582.96094
-1;33200;PEARLS;9995;25;;;;;10002;9;10005;25;;;9998.5;216.0
-1;33200;BANANAS;4884;25;;;;;4889;9;4891;25;;;4886.5;-583.41016
-1;33300;BANANAS;4885;26;;;;;4890;7;4891;2;4892;24;4887.5;-590.0
-1;33300;PEARLS;9996;2;9995;24;;;10002;7;10004;2;10005;24;9999.0;216.0
-1;33400;PEARLS;9995;27;;;;;10005;27;;;;;10000.0;216.0
-1;33400;BANANAS;4885;27;;;;;4892;27;;;;;4888.5;-594.7969
-1;33500;PEARLS;9998;10;9995;25;;;10005;25;;;;;10001.5;216.0
-1;33500;BANANAS;4886;10;4885;25;;;4892;25;;;;;4889.0;-598.66406
-1;33600;PEARLS;9995;27;;;;;10005;27;;;;;10000.0;216.0
-1;33600;BANANAS;4884;27;;;;;4885;1;4891;27;;;4884.5;-596.16797
-1;33700;PEARLS;9998;7;9996;1;9995;22;10004;1;10005;22;;;10001.0;216.0
-1;33700;BANANAS;4885;2;4884;22;;;4891;23;;;;;4888.0;-523.54297
-1;33800;BANANAS;4884;26;;;;;4891;26;;;;;4887.5;-516.2344
-1;33800;PEARLS;10002;1;9995;26;;;10005;26;;;;;10003.5;216.0
-1;33900;PEARLS;9995;24;;;;;10005;24;;;;;10000.0;218.0
-1;33900;BANANAS;4884;24;;;;;4891;24;;;;;4887.5;-516.03125
-1;34000;PEARLS;10002;1;9996;1;9995;24;10004;1;10005;24;;;10003.0;218.0
-1;34000;BANANAS;4889;1;4885;1;4884;24;4891;25;;;;;4890.0;-515.2969
-1;34100;PEARLS;9996;1;9995;26;;;10004;1;10005;26;;;10000.0;220.0
-1;34100;BANANAS;4884;26;;;;;4885;7;4891;27;;;4884.5;-582.6914
-1;34200;BANANAS;4885;1;4884;26;;;4891;27;;;;;4888.0;-117.859375
-1;34200;PEARLS;9996;1;9995;26;;;10004;1;10005;26;;;10000.0;220.0
-1;34300;PEARLS;9996;2;9995;20;;;10004;2;10005;20;;;10000.0;220.0
-1;34300;BANANAS;4885;1;4884;20;;;4891;22;;;;;4888.0;-114.83008
-1;34400;PEARLS;9996;2;9995;23;;;10004;2;10005;23;;;10000.0;220.0
-1;34400;BANANAS;4884;24;;;;;4890;2;4891;23;;;4887.0;-113.99219
-1;34500;PEARLS;9995;25;;;;;10002;2;10005;25;;;9998.5;220.0
-1;34500;BANANAS;4884;25;;;;;4889;2;4891;25;;;4886.5;-112.19922
-1;34600;BANANAS;4884;22;;;;;4891;22;;;;;4887.5;-113.072266
-1;34600;PEARLS;9995;22;;;;;10005;22;;;;;10000.0;220.0
-1;34700;PEARLS;9995;29;;;;;9998;5;10005;29;;;9996.5;220.0
-1;34700;BANANAS;4884;29;;;;;4891;29;;;;;4887.5;-114.13672
-1;34800;PEARLS;10002;1;10000;2;9995;24;10005;24;;;;;10003.5;230.0
-1;34800;BANANAS;4884;24;;;;;4887;6;4891;24;;;4885.5;-113.728516
-1;34900;PEARLS;9996;2;9995;22;;;10004;2;10005;22;;;10000.0;232.0
-1;34900;BANANAS;4884;23;;;;;4891;24;;;;;4887.5;275.0
-1;35000;BANANAS;4885;2;4884;20;;;4889;10;4891;22;;;4887.0;275.0
-1;35000;PEARLS;9996;2;9995;20;;;10002;10;10004;2;10005;20;9999.0;232.0
-1;35100;PEARLS;9996;1;9995;25;;;10004;1;10005;25;;;10000.0;232.0
-1;35100;BANANAS;4884;26;;;;;4890;26;;;;;4887.0;275.0
-1;35200;PEARLS;9995;24;;;;;10005;24;;;;;10000.0;232.0
-1;35200;BANANAS;4883;24;;;;;4884;1;4890;24;;;4883.5;275.0
-1;35300;PEARLS;9998;9;9995;24;;;10005;24;;;;;10001.5;232.0
-1;35300;BANANAS;4884;9;4883;24;;;4890;24;;;;;4887.0;344.20508
-1;35400;BANANAS;4883;22;;;;;4890;22;;;;;4886.5;344.67676
-1;35400;PEARLS;9995;22;;;;;10005;22;;;;;10000.0;232.0
-1;35500;PEARLS;10002;5;9995;25;;;10005;25;;;;;10003.5;232.0
-1;35500;BANANAS;4883;24;;;;;4890;25;;;;;4886.5;344.68652
-1;35600;PEARLS;9998;10;9996;1;9995;26;10004;1;10005;26;;;10001.0;242.0
-1;35600;BANANAS;4884;9;4883;27;;;4889;27;;;;;4886.5;343.7964
-1;35700;PEARLS;10002;1;9996;1;9995;26;10004;1;10005;26;;;10003.0;242.0
-1;35700;BANANAS;4883;27;;;;;4888;1;4889;1;4890;26;4885.5;344.68457
-1;35800;BANANAS;4883;30;;;;;4889;30;;;;;4886.0;344.17334
-1;35800;PEARLS;9996;2;9995;28;;;10004;2;10005;28;;;10000.0;244.0
-1;35900;PEARLS;9996;1;9995;29;;;10002;3;10004;1;10005;29;9999.0;244.0
-1;35900;BANANAS;4883;30;;;;;4884;4;4887;3;4889;30;4883.5;343.95898
-1;36000;PEARLS;9995;28;;;;;9998;1;10005;28;;;9996.5;244.0
-1;36000;BANANAS;4883;28;;;;;4890;28;;;;;4886.5;622.8633
-1;36100;PEARLS;9995;26;;;;;9998;4;10005;26;;;9996.5;246.0
-1;36100;BANANAS;4883;26;;;;;4890;26;;;;;4886.5;623.1992
-1;36200;BANANAS;4884;30;;;;;4889;3;4890;1;4891;29;4886.5;623.5176
-1;36200;PEARLS;9996;1;9995;29;;;10002;3;10004;1;10005;29;9999.0;254.0
-1;36300;PEARLS;9995;22;;;;;9998;1;10005;22;;;9996.5;254.0
-1;36300;BANANAS;4884;21;;;;;4890;22;;;;;4887.0;625.91016
-1;36400;PEARLS;9996;1;9995;27;;;10002;5;10004;1;10005;27;9999.0;256.0
-1;36400;BANANAS;4884;28;;;;;4888;5;4890;28;;;4886.0;622.1465
-1;36500;BANANAS;4884;27;;;;;4889;10;4891;27;;;4886.5;623.72266
-1;36500;PEARLS;9996;1;9995;26;;;10002;10;10004;1;10005;26;9999.0;256.0
-1;36600;BANANAS;4885;1;4884;21;;;4891;21;;;;;4888.0;620.3672
-1;36600;PEARLS;10002;4;9998;1;9995;21;10005;21;;;;;10003.5;256.0
-1;36700;BANANAS;4889;11;4884;30;;;4891;30;;;;;4890.0;619.6328
-1;36700;PEARLS;10002;1;9995;30;;;10005;30;;;;;10003.5;264.0
-1;36800;PEARLS;10002;1;9996;1;9995;26;10004;1;10005;26;;;10003.0;266.0
-1;36800;BANANAS;4884;27;;;;;4887;2;4891;27;;;4885.5;-86.98047
-1;36900;PEARLS;9996;2;9995;29;;;10002;3;10004;2;10005;29;9999.0;268.0
-1;36900;BANANAS;4884;31;;;;;4889;3;4890;2;4891;29;4886.5;45.367188
-1;37000;BANANAS;4886;2;4884;4;4883;23;4890;23;;;;;4888.0;44.816406
-1;37000;PEARLS;9998;4;9995;23;;;10005;23;;;;;10001.5;268.0
-1;37100;PEARLS;9996;1;9995;23;;;10004;1;10005;23;;;10000.0;268.0
-1;37100;BANANAS;4889;1;4884;24;;;4890;1;4891;23;;;4889.5;46.73047
-1;37200;PEARLS;9998;2;9995;22;;;10005;22;;;;;10001.5;268.0
-1;37200;BANANAS;4885;3;4884;22;;;4891;22;;;;;4888.0;-18.027344
-1;37300;PEARLS;10002;5;9995;27;;;10005;27;;;;;10003.5;268.0
-1;37300;BANANAS;4883;27;;;;;4888;7;4890;27;;;4885.5;-16.632812
-1;37400;BANANAS;4883;23;;;;;4889;23;;;;;4886.0;-15.324219
-1;37400;PEARLS;9996;1;9995;22;;;10004;1;10005;22;;;10000.0;278.0
-1;37500;PEARLS;10002;1;9998;2;9995;29;10005;29;;;;;10003.5;278.0
-1;37500;BANANAS;4888;1;4883;2;4882;29;4889;29;;;;;4888.5;-17.611328
-1;37600;PEARLS;9996;2;9995;24;;;10004;2;10005;24;;;10000.0;280.0
-1;37600;BANANAS;4883;26;;;;;4889;2;4890;24;;;4886.0;-82.703125
-1;37700;PEARLS;9996;1;9995;28;;;10004;1;10005;28;;;10000.0;280.0
-1;37700;BANANAS;4888;1;4883;29;;;4889;1;4890;28;;;4888.5;-83.70703
-1;37800;BANANAS;4883;29;;;;;4889;2;4890;27;;;4886.0;-147.98047
-1;37800;PEARLS;9996;2;9995;27;;;10004;2;10005;27;;;10000.0;280.0
-1;37900;BANANAS;4882;29;;;;;4884;2;4889;29;;;4883.0;-150.64453
-1;37900;PEARLS;9996;2;9995;27;;;10000;3;10004;2;10005;27;9998.0;280.0
-1;38000;PEARLS;9995;25;;;;;10002;5;10005;25;;;9998.5;280.0
-1;38000;BANANAS;4882;25;;;;;4887;5;4889;25;;;4884.5;-8.09375
-1;38100;BANANAS;4883;27;;;;;4890;28;;;;;4886.5;-5.626953
-1;38100;PEARLS;9995;28;;;;;10005;28;;;;;10000.0;280.0
-1;38200;BANANAS;4884;5;4883;23;;;4890;23;;;;;4887.0;-5.140625
-1;38200;PEARLS;9995;23;;;;;9998;2;10005;23;;;9996.5;280.0
-1;38300;BANANAS;4883;27;;;;;4890;27;;;;;4886.5;-1.9375
-1;38300;PEARLS;9996;1;9995;26;;;10004;1;10005;26;;;10000.0;284.0
-1;38400;PEARLS;10002;1;9995;21;;;10005;21;;;;;10003.5;284.0
-1;38400;BANANAS;4883;20;;;;;4890;21;;;;;4886.5;-2.3320312
-1;38500;BANANAS;4888;1;4883;25;;;4889;2;4890;23;;;4888.5;-3.1953125
-1;38500;PEARLS;10002;1;9996;2;9995;23;10004;2;10005;23;;;10003.0;286.0
-1;38600;BANANAS;4883;27;;;;;4890;27;;;;;4886.5;-66.734375
-1;38600;PEARLS;10002;5;9995;27;;;10005;27;;;;;10003.5;288.0
-1;38700;BANANAS;4884;30;;;;;4890;1;4891;29;;;4887.0;-67.45703
-1;38700;PEARLS;9996;1;9995;29;;;10004;1;10005;29;;;10000.0;298.0
-1;38800;PEARLS;9995;27;;;;;10005;27;;;;;10000.0;298.0
-1;38800;BANANAS;4884;27;;;;;4891;27;;;;;4887.5;-67.58984
-1;38900;BANANAS;4884;26;;;;;4889;4;4891;26;;;4886.5;-73.2168
-1;38900;PEARLS;9996;1;9995;25;;;10004;1;10005;25;;;10000.0;298.0
-1;39000;BANANAS;4884;29;;;;;4890;29;;;;;4887.0;-74.61328
-1;39000;PEARLS;9995;29;;;;;10005;29;;;;;10000.0;298.0
-1;39100;BANANAS;4884;1;4883;29;;;4888;10;4890;30;;;4886.0;-70.83789
-1;39100;PEARLS;9996;1;9995;29;;;10002;10;10004;1;10005;29;9999.0;298.0
-1;39200;PEARLS;9995;24;;;;;10005;24;;;;;10000.0;298.0
-1;39200;BANANAS;4888;1;4883;24;;;4889;24;;;;;4888.5;-72.57422
-1;39300;BANANAS;4884;3;4883;27;;;4889;1;4890;26;;;4886.5;-133.30078
-1;39300;PEARLS;9998;3;9996;1;9995;26;10004;1;10005;26;;;10001.0;298.0
-1;39400;BANANAS;4884;29;;;;;4891;29;;;;;4887.5;-136.94531
-1;39400;PEARLS;9996;2;9995;27;;;10004;2;10005;27;;;10000.0;298.0
-1;39500;BANANAS;4884;22;;;;;4890;2;4891;20;;;4887.0;-141.375
-1;39500;PEARLS;9996;2;9995;20;;;10004;2;10005;20;;;10000.0;298.0
-1;39600;PEARLS;9995;22;;;;;10005;22;;;;;10000.0;298.0
-1;39600;BANANAS;4884;22;;;;;4890;22;;;;;4887.0;-137.05078
-1;39700;BANANAS;4883;20;;;;;4890;20;;;;;4886.5;-136.75
-1;39700;PEARLS;9995;20;;;;;10005;20;;;;;10000.0;298.0
-1;39800;BANANAS;4883;31;;;;;4888;3;4890;31;;;4885.5;-134.98828
-1;39800;PEARLS;9996;1;9995;30;;;10002;3;10004;1;10005;30;9999.0;298.0
-1;39900;BANANAS;4884;3;4883;30;;;4890;32;;;;;4887.0;-133.6289
-1;39900;PEARLS;9998;1;9996;2;9995;30;10004;2;10005;30;;;10001.0;298.0
-1;40000;PEARLS;9998;9;9996;1;9995;30;10004;1;10005;30;;;10001.0;298.0
-1;40000;BANANAS;4888;5;4884;9;4883;31;4890;31;;;;;4889.0;-131.4336
-1;40100;BANANAS;4883;27;;;;;4890;27;;;;;4886.5;-454.45703
-1;40100;PEARLS;10002;1;9995;27;;;10005;27;;;;;10003.5;298.0
-1;40200;BANANAS;4884;23;;;;;4889;7;4890;1;4891;22;4886.5;-455.67188
-1;40200;PEARLS;9996;1;9995;22;;;10002;7;10004;1;10005;22;9999.0;300.0
-1;40300;BANANAS;4884;25;;;;;4890;25;;;;;4887.0;-452.04688
-1;40300;PEARLS;9996;1;9995;24;;;10000;4;10004;1;10005;24;9998.0;300.0
-1;40400;PEARLS;9996;1;9995;20;;;10002;10;10004;1;10005;20;9999.0;300.0
-1;40400;BANANAS;4884;21;;;;;4889;10;4891;21;;;4886.5;-440.46484
-1;40500;BANANAS;4884;24;;;;;4887;2;4891;24;;;4885.5;-439.72656
-1;40500;PEARLS;9995;24;;;;;10005;24;;;;;10000.0;300.0
-1;40600;BANANAS;4884;2;4883;24;;;4890;26;;;;;4887.0;-308.58594
-1;40600;PEARLS;9996;2;9995;24;;;9998;7;10004;2;10005;24;9997.0;300.0
-1;40700;BANANAS;4883;26;;;;;4890;26;;;;;4886.5;-316.58984
-1;40700;PEARLS;9996;2;9995;24;;;10004;2;10005;24;;;10000.0;314.0
-1;40800;PEARLS;9995;29;;;;;10005;29;;;;;10000.0;314.0
-1;40800;BANANAS;4883;29;;;;;4890;29;;;;;4886.5;-316.0547
-1;40900;PEARLS;9995;22;;;;;10005;22;;;;;10000.0;314.0
-1;40900;BANANAS;4883;22;;;;;4890;22;;;;;4886.5;-317.8828
-1;41000;BANANAS;4884;27;;;;;4886;4;4890;22;;;4885.0;-314.79688
-1;41000;PEARLS;9998;5;9995;22;;;10005;22;;;;;10001.5;314.0
-1;41100;BANANAS;4884;23;;;;;4890;1;4891;22;;;4887.0;-47.625
-1;41100;PEARLS;9996;1;9995;22;;;10004;1;10005;22;;;10000.0;314.0
-1;41200;BANANAS;4884;26;;;;;4891;26;;;;;4887.5;-47.091797
-1;41200;PEARLS;9996;1;9995;25;;;9998;8;10004;1;10005;25;9997.0;314.0
-1;41300;PEARLS;9996;1;9995;20;;;10000;6;10002;2;10004;1;9998.0;330.0
-1;41300;BANANAS;4884;21;;;;;4889;2;4891;21;;;4886.5;-42.804688
-1;41400;PEARLS;9995;23;;;;;10005;23;;;;;10000.0;330.0
-1;41400;BANANAS;4884;23;;;;;4885;1;4887;4;4891;23;4884.5;-45.55078
-1;41500;BANANAS;4886;6;4885;30;;;4892;30;;;;;4889.0;18.722656
-1;41500;PEARLS;9998;5;9995;30;;;10005;30;;;;;10001.5;330.0
-1;41600;PEARLS;9996;1;9995;27;;;9998;5;10004;1;10005;27;9997.0;330.0
-1;41600;BANANAS;4885;1;4884;27;;;4891;28;;;;;4888.0;15.251953
-1;41700;PEARLS;9995;20;;;;;10005;20;;;;;10000.0;338.0
-1;41700;BANANAS;4884;20;;;;;4891;20;;;;;4887.5;16.179688
-1;41800;PEARLS;9996;2;9995;28;;;10002;3;10004;2;10005;28;9999.0;338.0
-1;41800;BANANAS;4885;30;;;;;4890;3;4891;2;4892;28;4887.5;16.585938
-1;41900;BANANAS;4886;4;4885;30;;;4892;30;;;;;4889.0;13.113281
-1;41900;PEARLS;9998;4;9996;2;9995;28;10004;2;10005;28;;;10001.0;338.0
-1;42000;PEARLS;9996;2;9995;28;;;10004;2;10005;28;;;10000.0;338.0
-1;42000;BANANAS;4886;30;;;;;4892;30;;;;;4889.0;12.150391
-1;42100;PEARLS;9995;24;;;;;10005;24;;;;;10000.0;338.0
-1;42100;BANANAS;4886;24;;;;;4893;24;;;;;4889.5;11.871094
-1;42200;PEARLS;9995;26;;;;;10002;4;10005;26;;;9998.5;338.0
-1;42200;BANANAS;4887;26;;;;;4892;4;4894;26;;;4889.5;11.486328
-1;42300;BANANAS;4892;1;4887;24;;;4894;24;;;;;4893.0;12.4921875
-1;42300;PEARLS;10000;4;9995;24;;;10005;24;;;;;10002.5;338.0
-1;42400;BANANAS;4886;25;;;;;4893;25;;;;;4889.5;-44.71875
-1;42400;PEARLS;9996;1;9995;24;;;9998;5;10004;1;10005;24;9997.0;338.0
-1;42500;PEARLS;9996;2;9995;22;;;10004;2;10005;22;;;10000.0;338.0
-1;42500;BANANAS;4886;23;;;;;4893;24;;;;;4889.5;-44.523438
-1;42600;PEARLS;9995;25;;;;;10002;10;10005;25;;;9998.5;338.0
-1;42600;BANANAS;4886;25;;;;;4890;10;4892;25;;;4888.0;-43.128906
-1;42700;PEARLS;9996;2;9995;20;;;10004;2;10005;20;;;10000.0;338.0
-1;42700;BANANAS;4886;21;;;;;4893;22;;;;;4889.5;-40.304688
-1;42800;BANANAS;4886;23;;;;;4892;23;;;;;4889.0;-38.69922
-1;42800;PEARLS;9995;23;;;;;10005;23;;;;;10000.0;338.0
-1;42900;PEARLS;9995;22;;;;;10005;22;;;;;10000.0;338.0
-1;42900;BANANAS;4885;22;;;;;4892;22;;;;;4888.5;-37.25586
-1;43000;PEARLS;10002;7;9996;1;9995;24;10004;1;10005;24;;;10003.0;338.0
-1;43000;BANANAS;4885;25;;;;;4891;1;4892;24;;;4888.0;-33.796875
-1;43100;PEARLS;9996;2;9995;23;;;10002;3;10004;2;10005;23;9999.0;352.0
-1;43100;BANANAS;4886;25;;;;;4890;3;4892;25;;;4888.0;-33.496094
-1;43200;BANANAS;4886;28;;;;;4892;1;4893;27;;;4889.0;-35.29297
-1;43200;PEARLS;9996;1;9995;27;;;10000;1;10004;1;10005;27;9998.0;352.0
-1;43300;PEARLS;9995;20;;;;;10005;20;;;;;10000.0;352.0
-1;43300;BANANAS;4887;20;;;;;4894;20;;;;;4890.5;-32.978516
-1;43400;PEARLS;9996;2;9995;27;;;10002;8;10004;2;10005;27;9999.0;352.0
-1;43400;BANANAS;4887;28;;;;;4892;8;4893;2;4894;27;4889.5;-33.55078
-1;43500;PEARLS;9996;1;9995;23;;;10002;10;10004;1;10005;23;9999.0;352.0
-1;43500;BANANAS;4887;24;;;;;4891;10;4893;24;;;4889.0;-32.310547
-1;43600;BANANAS;4886;21;;;;;4891;1;4893;21;;;4888.5;-30.347656
-1;43600;PEARLS;9995;21;;;;;10002;1;10005;21;;;9998.5;352.0
-1;43700;PEARLS;9996;2;9995;26;;;10004;2;10005;26;;;10000.0;352.0
-1;43700;BANANAS;4885;28;;;;;4892;28;;;;;4888.5;-30.480469
-1;43800;PEARLS;9995;25;;;;;9998;1;10005;25;;;9996.5;352.0
-1;43800;BANANAS;4886;25;;;;;4893;25;;;;;4889.5;-26.609375
-1;43900;PEARLS;9995;28;;;;;10005;28;;;;;10000.0;354.0
-1;43900;BANANAS;4886;28;;;;;4893;28;;;;;4889.5;-27.386719
-1;44000;BANANAS;4887;1;4886;25;;;4889;6;4893;26;;;4888.0;-26.082031
-1;44000;PEARLS;10002;4;9996;1;9995;25;10004;1;10005;25;;;10003.0;354.0
-1;44100;PEARLS;9996;2;9995;28;;;10004;2;10005;28;;;10000.0;362.0
-1;44100;BANANAS;4886;30;;;;;4887;1;4893;30;;;4886.5;328.0
-1;44200;PEARLS;9998;4;9996;2;9995;20;10004;2;10005;20;;;10001.0;362.0
-1;44200;BANANAS;4887;6;4886;20;;;4893;22;;;;;4890.0;388.8042
-1;44300;PEARLS;9996;1;9995;24;;;10004;1;10005;24;;;10000.0;362.0
-1;44300;BANANAS;4887;25;;;;;4894;25;;;;;4890.5;389.44727
-1;44400;BANANAS;4887;30;;;;;4893;1;4894;29;;;4890.0;389.35303
-1;44400;PEARLS;9996;1;9995;29;;;10004;1;10005;29;;;10000.0;362.0
-1;44500;PEARLS;9996;1;9995;26;;;10004;1;10005;26;;;10000.0;362.0
-1;44500;BANANAS;4886;27;;;;;4893;27;;;;;4889.5;389.55664
-1;44600;PEARLS;9995;23;;;;;10005;23;;;;;10000.0;362.0
-1;44600;BANANAS;4886;23;;;;;4893;23;;;;;4889.5;389.313
-1;44700;PEARLS;9996;1;9995;23;;;10002;9;10004;1;10005;23;9999.0;362.0
-1;44700;BANANAS;4886;24;;;;;4891;9;4893;24;;;4888.5;388.8711
-1;44800;BANANAS;4887;24;;;;;4892;10;4893;2;4894;22;4889.5;388.75928
-1;44800;PEARLS;9996;2;9995;22;;;10002;10;10004;2;10005;22;9999.0;362.0
-1;44900;PEARLS;9995;26;;;;;10002;6;10005;26;;;9998.5;362.0
-1;44900;BANANAS;4887;26;;;;;4892;6;4894;26;;;4889.5;389.03955
-1;45000;PEARLS;9996;1;9995;26;;;10004;1;10005;26;;;10000.0;362.0
-1;45000;BANANAS;4887;27;;;;;4894;27;;;;;4890.5;389.1792
-1;45100;PEARLS;9996;2;9995;25;;;9998;1;10004;2;10005;25;9997.0;362.0
-1;45100;BANANAS;4887;27;;;;;4894;27;;;;;4890.5;389.0786
-1;45200;BANANAS;4888;27;;;;;4895;27;;;;;4891.5;389.61963
-1;45200;PEARLS;9995;27;;;;;10005;27;;;;;10000.0;364.0
-1;45300;BANANAS;4888;28;;;;;4894;1;4895;28;;;4891.0;389.61768
-1;45300;PEARLS;9996;1;9995;28;;;9998;1;10004;1;10005;28;9997.0;364.0
-1;45400;PEARLS;9996;1;9995;27;;;10004;1;10005;27;;;10000.0;366.0
-1;45400;BANANAS;4888;28;;;;;4894;28;;;;;4891.0;390.23242
-1;45500;BANANAS;4888;24;;;;;4895;24;;;;;4891.5;389.92578
-1;45500;PEARLS;9996;1;9995;23;;;10004;1;10005;23;;;10000.0;366.0
-1;45600;BANANAS;4894;1;4889;1;4888;24;4895;25;;;;;4894.5;389.90234
-1;45600;PEARLS;9996;1;9995;24;;;10004;1;10005;24;;;10000.0;366.0
-1;45700;PEARLS;10002;4;9995;30;;;10005;30;;;;;10003.5;366.0
-1;45700;BANANAS;4888;30;;;;;4895;30;;;;;4891.5;335.0
-1;45800;PEARLS;9996;2;9995;24;;;10004;2;10005;24;;;10000.0;374.0
-1;45800;BANANAS;4890;2;4889;24;;;4896;26;;;;;4893.0;335.0
-1;45900;PEARLS;9996;1;9995;21;;;10002;1;10004;1;10005;21;9999.0;374.0
-1;45900;BANANAS;4890;22;;;;;4895;1;4897;22;;;4892.5;335.0
-1;46000;BANANAS;4890;27;;;;;4897;27;;;;;4893.5;335.0
-1;46000;PEARLS;9996;2;9995;25;;;9998;5;10004;2;10005;25;9997.0;374.0
-1;46100;PEARLS;9996;2;9995;25;;;10004;2;10005;25;;;10000.0;384.0
-1;46100;BANANAS;4891;26;;;;;4897;2;4898;25;;;4894.0;335.0
-1;46200;PEARLS;9995;28;;;;;10005;28;;;;;10000.0;384.0
-1;46200;BANANAS;4890;28;;;;;4892;2;4897;28;;;4891.0;335.0
-1;46300;PEARLS;9996;1;9995;22;;;10004;1;10005;22;;;10000.0;384.0
-1;46300;BANANAS;4896;1;4890;23;;;4897;23;;;;;4896.5;446.7744
-1;46400;BANANAS;4890;26;;;;;4897;26;;;;;4893.5;394.65723
-1;46400;PEARLS;9995;26;;;;;10005;26;;;;;10000.0;384.0
-1;46500;PEARLS;9996;2;9995;23;;;10002;5;10004;2;10005;23;9999.0;384.0
-1;46500;BANANAS;4890;25;;;;;4891;1;4895;5;4897;25;4890.5;394.59277
-1;46600;PEARLS;9996;2;9995;21;;;10002;2;10004;2;10005;21;9999.0;384.0
-1;46600;BANANAS;4893;4;4890;23;;;4895;2;4897;23;;;4894.0;451.33008
-1;46700;PEARLS;9996;1;9995;22;;;10004;1;10005;22;;;10000.0;384.0
-1;46700;BANANAS;4889;23;;;;;4896;23;;;;;4892.5;451.04883
-1;46800;BANANAS;4891;5;4890;23;;;4896;1;4897;22;;;4893.5;451.71484
-1;46800;PEARLS;9998;4;9996;1;9995;22;10004;1;10005;22;;;10001.0;384.0
-1;46900;BANANAS;4895;1;4890;2;4889;26;4896;28;;;;;4895.5;451.35645
-1;46900;PEARLS;9996;2;9995;26;;;10004;2;10005;26;;;10000.0;384.0
-1;47000;PEARLS;9995;20;;;;;10002;8;10005;20;;;9998.5;384.0
-1;47000;BANANAS;4889;20;;;;;4894;8;4896;20;;;4891.5;398.0464
-1;47100;BANANAS;4890;4;4889;24;;;4896;24;;;;;4893.0;398.55127
-1;47100;PEARLS;9998;5;9995;24;;;10005;24;;;;;10001.5;384.0
-1;47200;BANANAS;4895;1;4889;29;;;4896;29;;;;;4895.5;398.9048
-1;47200;PEARLS;9995;29;;;;;10005;29;;;;;10000.0;384.0
-1;47300;BANANAS;4890;24;;;;;4896;24;;;;;4893.0;346.0
-1;47300;PEARLS;9995;24;;;;;10005;24;;;;;10000.0;384.0
-1;47400;PEARLS;9996;2;9995;24;;;10002;5;10004;2;10005;24;9999.0;384.0
-1;47400;BANANAS;4890;26;;;;;4894;5;4896;26;;;4892.0;346.0
-1;47500;BANANAS;4890;28;;;;;4896;28;;;;;4893.0;346.0
-1;47500;PEARLS;9995;28;;;;;10005;28;;;;;10000.0;384.0
-1;47600;BANANAS;4889;21;;;;;4896;21;;;;;4892.5;346.0
-1;47600;PEARLS;9995;21;;;;;10005;21;;;;;10000.0;384.0
-1;47700;BANANAS;4890;24;;;;;4896;1;4897;23;;;4893.0;346.0
-1;47700;PEARLS;9996;1;9995;23;;;9998;1;10004;1;10005;23;9997.0;384.0
-1;47800;PEARLS;9995;22;;;;;9998;1;10002;8;10005;22;9996.5;386.0
-1;47800;BANANAS;4890;22;;;;;4895;8;4897;22;;;4892.5;346.0
-1;47900;BANANAS;4891;1;4890;21;;;4897;21;;;;;4894.0;346.0
-1;47900;PEARLS;9998;1;9995;21;;;10005;21;;;;;10001.5;388.0
-1;48000;BANANAS;4891;3;4890;29;;;4897;29;;;;;4894.0;346.0
-1;48000;PEARLS;9998;3;9996;2;9995;27;10004;2;10005;27;;;10001.0;388.0
-1;48100;BANANAS;4890;29;;;;;4897;29;;;;;4893.5;346.0
-1;48100;PEARLS;9995;29;;;;;10005;29;;;;;10000.0;388.0
-1;48200;PEARLS;9996;1;9995;25;;;10004;1;10005;25;;;10000.0;388.0
-1;48200;BANANAS;4890;26;;;;;4897;26;;;;;4893.5;346.0
-1;48300;BANANAS;4895;1;4890;29;;;4897;29;;;;;4896.0;346.0
-1;48300;PEARLS;9995;29;;;;;10005;29;;;;;10000.0;388.0
-1;48400;BANANAS;4895;1;4889;22;;;4896;22;;;;;4895.5;295.83984
-1;48400;PEARLS;9995;22;;;;;10005;22;;;;;10000.0;388.0
-1;48500;BANANAS;4889;25;;;;;4896;25;;;;;4892.5;245.6416
-1;48500;PEARLS;9995;25;;;;;10005;25;;;;;10000.0;388.0
-1;48600;PEARLS;9996;2;9995;20;;;10002;4;10004;2;10005;20;9999.0;388.0
-1;48600;BANANAS;4889;22;;;;;4894;4;4896;22;;;4891.5;245.65918
-1;48700;BANANAS;4889;21;;;;;4896;21;;;;;4892.5;246.625
-1;48700;PEARLS;10002;2;9995;21;;;10005;21;;;;;10003.5;388.0
-1;48800;BANANAS;4891;10;4890;31;;;4896;31;;;;;4893.5;245.26367
-1;48800;PEARLS;9998;10;9996;2;9995;29;10004;2;10005;29;;;10001.0;392.0
-1;48900;BANANAS;4891;2;4890;25;;;4896;1;4897;24;;;4893.5;246.3164
-1;48900;PEARLS;9998;3;9996;1;9995;24;10004;1;10005;24;;;10001.0;392.0
-1;49000;PEARLS;9995;29;;;;;10005;29;;;;;10000.0;392.0
-1;49000;BANANAS;4890;29;;;;;4897;29;;;;;4893.5;246.79395
-1;49100;BANANAS;4891;3;4890;26;;;4897;26;;;;;4894.0;247.86816
-1;49100;PEARLS;9998;3;9995;26;;;10005;26;;;;;10001.5;392.0
-1;49200;BANANAS;4890;25;;;;;4897;25;;;;;4893.5;249.69824
-1;49200;PEARLS;9996;2;9995;23;;;10004;2;10005;23;;;10000.0;392.0
-1;49300;BANANAS;4896;1;4891;29;;;4897;29;;;;;4896.5;249.95508
-1;49300;PEARLS;9995;29;;;;;10005;29;;;;;10000.0;392.0
-1;49400;PEARLS;9998;5;9996;1;9995;21;10004;1;10005;21;;;10001.0;392.0
-1;49400;BANANAS;4897;1;4892;5;4891;22;4898;22;;;;;4897.5;201.60156
-1;49500;BANANAS;4891;23;;;;;4897;23;;;;;4894.0;153.38867
-1;49500;PEARLS;9995;23;;;;;10005;23;;;;;10000.0;392.0
-1;49600;BANANAS;4890;22;;;;;4897;22;;;;;4893.5;154.04102
-1;49600;PEARLS;9995;22;;;;;10005;22;;;;;10000.0;392.0
-1;49700;BANANAS;4891;2;4890;22;;;4895;9;4897;24;;;4893.0;152.14844
-1;49700;PEARLS;9996;2;9995;22;;;10002;8;10004;2;10005;22;9999.0;392.0
-1;49800;BANANAS;4890;22;;;;;4897;22;;;;;4893.5;151.67383
-1;49800;PEARLS;9996;1;9995;21;;;9998;1;10004;1;10005;21;9997.0;392.0
-1;49900;PEARLS;9996;2;9995;20;;;10004;2;10005;20;;;10000.0;394.0
-1;49900;BANANAS;4890;22;;;;;4895;1;4896;2;4897;20;4892.5;152.20312
-1;50000;BANANAS;4892;1;4889;30;;;4896;30;;;;;4894.0;154.57422
-1;50000;PEARLS;9996;1;9995;29;;;10004;1;10005;29;;;10000.0;394.0
-1;50100;BANANAS;4889;32;;;;;4896;32;;;;;4892.5;152.63086
-1;50100;PEARLS;9996;2;9995;30;;;10004;2;10005;30;;;10000.0;394.0
-1;50200;PEARLS;9998;1;9996;2;9995;23;10004;2;10005;23;;;10001.0;394.0
-1;50200;BANANAS;4891;1;4890;25;;;4896;25;;;;;4893.5;150.13867
-1;50300;PEARLS;9996;1;9995;25;;;10002;5;10004;1;10005;25;9999.0;394.0
-1;50300;BANANAS;4890;26;;;;;4895;6;4896;1;4897;25;4892.5;149.20898
-1;50400;PEARLS;10002;4;9996;1;9995;29;10004;1;10005;29;;;10003.0;394.0
-1;50400;BANANAS;4890;30;;;;;4897;30;;;;;4893.5;150.03906
-1;50500;BANANAS;4890;29;;;;;4897;29;;;;;4893.5;149.1836
-1;50500;PEARLS;10002;4;9996;1;9995;28;10004;1;10005;28;;;10003.0;402.0
-1;50600;PEARLS;9996;1;9995;23;;;10004;1;10005;23;;;10000.0;410.0
-1;50600;BANANAS;4895;1;4890;24;;;4896;1;4897;23;;;4895.5;148.77344
-1;50700;PEARLS;9995;25;;;;;10002;3;10005;25;;;9998.5;410.0
-1;50700;BANANAS;4890;25;;;;;4891;1;4895;3;4897;25;4890.5;99.39844
-1;50800;PEARLS;9995;24;;;;;9998;1;10002;6;10005;24;9996.5;410.0
-1;50800;BANANAS;4890;24;;;;;4895;6;4897;24;;;4892.5;153.5918
-1;50900;BANANAS;4890;27;;;;;4897;27;;;;;4893.5;154.45703
-1;50900;PEARLS;9996;1;9995;26;;;10004;1;10005;26;;;10000.0;412.0
-1;51000;PEARLS;9996;2;9995;22;;;10004;2;10005;22;;;10000.0;412.0
-1;51000;BANANAS;4890;24;;;;;4896;2;4897;22;;;4893.0;153.1543
-1;51100;PEARLS;9996;1;9995;26;;;10004;1;10005;26;;;10000.0;412.0
-1;51100;BANANAS;4891;27;;;;;4897;27;;;;;4894.0;154.56836
-1;51200;PEARLS;9996;2;9995;30;;;10004;2;10005;30;;;10000.0;412.0
-1;51200;BANANAS;4890;32;;;;;4897;32;;;;;4893.5;157.76758
-1;51300;PEARLS;9996;2;9995;23;;;10004;2;10005;23;;;10000.0;412.0
-1;51300;BANANAS;4891;25;;;;;4897;25;;;;;4894.0;157.01953
-1;51400;BANANAS;4891;23;;;;;4897;23;;;;;4894.0;156.86133
-1;51400;PEARLS;9995;23;;;;;10005;23;;;;;10000.0;412.0
-1;51500;PEARLS;9996;2;9995;20;;;10004;2;10005;20;;;10000.0;412.0
-1;51500;BANANAS;4891;22;;;;;4897;2;4898;20;;;4894.0;155.50977
-1;51600;PEARLS;9996;2;9995;29;;;10004;2;10005;29;;;10000.0;412.0
-1;51600;BANANAS;4891;31;;;;;4897;2;4898;29;;;4894.0;156.27734
-1;51700;PEARLS;9996;2;9995;30;;;10002;5;10004;2;10005;30;9999.0;412.0
-1;51700;BANANAS;4891;32;;;;;4896;5;4897;2;4898;30;4893.5;155.9043
-1;51800;BANANAS;4891;26;;;;;4898;26;;;;;4894.5;154.09961
-1;51800;PEARLS;9996;2;9995;24;;;10004;2;10005;24;;;10000.0;412.0
-1;51900;PEARLS;9996;1;9995;26;;;10002;6;10004;1;10005;26;9999.0;412.0
-1;51900;BANANAS;4892;1;4891;26;;;4896;6;4898;27;;;4894.0;154.89844
-1;52000;PEARLS;10000;3;9996;1;9995;23;10004;1;10005;23;;;10002.0;412.0
-1;52000;BANANAS;4891;24;;;;;4897;1;4898;23;;;4894.0;156.60742
-1;52100;PEARLS;9995;30;;;;;10005;30;;;;;10000.0;412.0
-1;52100;BANANAS;4891;30;;;;;4898;30;;;;;4894.5;157.68555
-1;52200;BANANAS;4891;28;;;;;4896;3;4898;28;;;4893.5;155.88086
-1;52200;PEARLS;9995;28;;;;;10002;3;10005;28;;;9998.5;412.0
-1;52300;PEARLS;9995;21;;;;;10002;3;10005;21;;;9998.5;412.0
-1;52300;BANANAS;4892;21;;;;;4897;2;4899;21;;;4894.5;157.21484
-1;52400;PEARLS;10000;6;9996;2;9995;22;10004;2;10005;22;;;10002.0;412.0
-1;52400;BANANAS;4892;2;4891;22;;;4898;24;;;;;4895.0;157.24414
-1;52500;PEARLS;9996;1;9995;30;;;10004;1;10005;30;;;10000.0;412.0
-1;52500;BANANAS;4891;31;;;;;4898;31;;;;;4894.5;157.38672
-1;52600;BANANAS;4891;24;;;;;4897;1;4898;23;;;4894.0;156.47266
-1;52600;PEARLS;9996;1;9995;23;;;9998;2;10004;1;10005;23;9997.0;412.0
-1;52700;PEARLS;9995;29;;;;;9998;1;10005;29;;;9996.5;416.0
-1;52700;BANANAS;4891;29;;;;;4897;29;;;;;4894.0;156.38281
-1;52800;PEARLS;9995;24;;;;;9998;1;10005;24;;;9996.5;418.0
-1;52800;BANANAS;4891;24;;;;;4897;24;;;;;4894.0;155.34766
-1;52900;PEARLS;9996;1;9995;30;;;10004;1;10005;30;;;10000.0;420.0
-1;52900;BANANAS;4891;1;4890;30;;;4897;31;;;;;4894.0;156.79102
-1;53000;BANANAS;4891;28;;;;;4898;28;;;;;4894.5;154.10352
-1;53000;PEARLS;9995;28;;;;;10005;28;;;;;10000.0;420.0
-1;53100;PEARLS;9996;1;9995;30;;;10004;1;10005;30;;;10000.0;420.0
-1;53100;BANANAS;4892;31;;;;;4898;31;;;;;4895.0;147.90625
-1;53200;PEARLS;9996;1;9995;30;;;9998;1;10004;1;10005;30;9997.0;420.0
-1;53200;BANANAS;4892;31;;;;;4898;1;4899;30;;;4895.0;147.53711
-1;53300;PEARLS;9996;1;9995;23;;;10004;1;10005;23;;;10000.0;422.0
-1;53300;BANANAS;4892;24;;;;;4899;24;;;;;4895.5;147.8418
-1;53400;BANANAS;4892;23;;;;;4893;1;4899;23;;;4892.5;150.16016
-1;53400;PEARLS;9995;23;;;;;10005;23;;;;;10000.0;422.0
-1;53500;PEARLS;9996;1;9995;25;;;10002;8;10004;1;10005;25;9999.0;422.0
-1;53500;BANANAS;4892;26;;;;;4897;8;4899;26;;;4894.5;201.58008
-1;53600;PEARLS;9998;2;9995;23;;;10005;23;;;;;10001.5;422.0
-1;53600;BANANAS;4893;1;4892;23;;;4899;23;;;;;4896.0;202.72656
-1;53700;PEARLS;9996;2;9995;25;;;10002;10;10004;2;10005;25;9999.0;422.0
-1;53700;BANANAS;4892;27;;;;;4897;10;4898;2;4899;25;4894.5;201.58203
-1;53800;BANANAS;4892;25;;;;;4897;6;4898;2;4899;23;4894.5;199.67578
-1;53800;PEARLS;9996;2;9995;23;;;9998;13;10002;6;10004;2;9997.0;422.0
-1;53900;PEARLS;9995;28;;;;;10005;28;;;;;10000.0;436.0
-1;53900;BANANAS;4897;1;4896;4;4891;28;4898;28;;;;;4897.5;198.34961
-1;54000;PEARLS;9996;1;9995;21;;;10004;1;10005;21;;;10000.0;436.0
-1;54000;BANANAS;4891;22;;;;;4898;22;;;;;4894.5;145.53125
-1;54100;PEARLS;9995;23;;;;;10005;23;;;;;10000.0;436.0
-1;54100;BANANAS;4892;23;;;;;4899;23;;;;;4895.5;147.49805
-1;54200;BANANAS;4892;1;4891;20;;;4898;21;;;;;4895.0;150.14844
-1;54200;PEARLS;9996;1;9995;20;;;10004;1;10005;20;;;10000.0;436.0
-1;54300;BANANAS;4892;1;4891;25;;;4898;25;;;;;4895.0;147.88672
-1;54300;PEARLS;9998;1;9995;25;;;10005;25;;;;;10001.5;436.0
-1;54400;PEARLS;9996;2;9995;22;;;10004;2;10005;22;;;10000.0;436.0
-1;54400;BANANAS;4892;23;;;;;4898;2;4899;22;;;4895.0;147.64258
-1;54500;BANANAS;4892;28;;;;;4897;9;4899;29;;;4894.5;147.07422
-1;54500;PEARLS;9995;29;;;;;10002;9;10005;29;;;9998.5;436.0
-1;54600;BANANAS;4893;4;4892;28;;;4899;28;;;;;4896.0;148.37695
-1;54600;PEARLS;9998;4;9996;2;9995;26;10004;2;10005;26;;;10001.0;436.0
-1;54700;PEARLS;9998;2;9995;21;;;10005;21;;;;;10001.5;436.0
-1;54700;BANANAS;4894;3;4893;21;;;4900;21;;;;;4897.0;149.75781
-1;54800;PEARLS;9996;1;9995;23;;;10004;1;10005;23;;;10000.0;436.0
-1;54800;BANANAS;4893;24;;;;;4899;1;4900;23;;;4896.0;151.37305
-1;54900;PEARLS;9996;1;9995;28;;;10004;1;10005;28;;;10000.0;436.0
-1;54900;BANANAS;4893;29;;;;;4899;1;4900;28;;;4896.0;154.10352
-1;55000;BANANAS;4893;27;;;;;4900;27;;;;;4896.5;152.9043
-1;55000;PEARLS;9995;27;;;;;9998;5;10005;27;;;9996.5;436.0
-1;55100;PEARLS;10002;9;9996;2;9995;29;10004;2;10005;29;;;10003.0;436.0
-1;55100;BANANAS;4894;2;4893;29;;;4900;31;;;;;4897.0;151.3457
-1;55200;PEARLS;9995;25;;;;;10005;25;;;;;10000.0;454.0
-1;55200;BANANAS;4894;25;;;;;4900;25;;;;;4897.0;150.59766
-1;55300;PEARLS;9996;1;9995;24;;;10002;7;10004;1;10005;24;9999.0;454.0
-1;55300;BANANAS;4894;25;;;;;4899;7;4901;25;;;4896.5;149.25
-1;55400;BANANAS;4895;1;4894;22;;;4901;23;;;;;4898.0;149.89062
-1;55400;PEARLS;9996;1;9995;22;;;10004;1;10005;22;;;10000.0;454.0
-1;55500;PEARLS;9995;26;;;;;10005;26;;;;;10000.0;454.0
-1;55500;BANANAS;4898;2;4894;26;;;4901;26;;;;;4899.5;152.97461
-1;55600;PEARLS;9998;7;9996;1;9995;27;10004;1;10005;27;;;10001.0;454.0
-1;55600;BANANAS;4895;7;4894;28;;;4900;1;4901;27;;;4897.5;59.015625
-1;55700;BANANAS;4893;21;;;;;4898;7;4900;21;;;4895.5;56.24414
-1;55700;PEARLS;9995;21;;;;;10002;7;10005;21;;;9998.5;454.0
-1;55800;BANANAS;4894;23;;;;;4900;2;4901;21;;;4897.0;53.935547
-1;55800;PEARLS;9996;2;9995;21;;;10004;2;10005;21;;;10000.0;454.0
-1;55900;BANANAS;4894;24;;;;;4901;24;;;;;4897.5;55.171875
-1;55900;PEARLS;9995;24;;;;;9998;11;10005;24;;;9996.5;454.0
-1;56000;PEARLS;9996;2;9995;20;;;10004;2;10005;20;;;10000.0;472.0
-1;56000;BANANAS;4895;22;;;;;4901;22;;;;;4898.0;55.154297
-1;56100;BANANAS;4894;30;;;;;4901;30;;;;;4897.5;52.845703
-1;56100;PEARLS;9996;1;9995;29;;;10004;1;10005;29;;;10000.0;472.0
-1;56200;BANANAS;4894;28;;;;;4900;2;4901;26;;;4897.0;52.740234
-1;56200;PEARLS;9996;2;9995;26;;;10004;2;10005;26;;;10000.0;472.0
-1;56300;BANANAS;4894;23;;;;;4899;8;4901;23;;;4896.5;54.808594
-1;56300;PEARLS;9995;23;;;;;10002;8;10005;23;;;9998.5;472.0
-1;56400;PEARLS;9998;6;9995;23;;;10005;23;;;;;10001.5;472.0
-1;56400;BANANAS;4895;6;4894;23;;;4901;23;;;;;4898.0;56.421875
-1;56500;BANANAS;4894;25;;;;;4901;25;;;;;4897.5;55.714844
-1;56500;PEARLS;9995;25;;;;;10005;25;;;;;10000.0;472.0
-1;56600;BANANAS;4894;27;;;;;4901;27;;;;;4897.5;57.171875
-1;56600;PEARLS;9996;1;9995;26;;;10004;1;10005;26;;;10000.0;472.0
-1;56700;BANANAS;4894;24;;;;;4901;25;;;;;4897.5;55.714844
-1;56700;PEARLS;9995;25;;;;;10005;25;;;;;10000.0;472.0
-1;56800;PEARLS;9995;24;;;;;10005;24;;;;;10000.0;472.0
-1;56800;BANANAS;4894;23;;;;;4900;24;;;;;4897.0;56.429688
-1;56900;BANANAS;4895;5;4894;20;;;4901;20;;;;;4898.0;55.552734
-1;56900;PEARLS;9998;5;9995;20;;;10005;20;;;;;10001.5;472.0
-1;57000;BANANAS;4893;25;;;;;4900;25;;;;;4896.5;56.902344
-1;57000;PEARLS;9995;25;;;;;10005;25;;;;;10000.0;472.0
-1;57100;BANANAS;4894;2;4893;25;;;4900;27;;;;;4897.0;56.507812
-1;57100;PEARLS;9996;2;9995;25;;;10004;2;10005;25;;;10000.0;472.0
-1;57200;PEARLS;9995;26;;;;;10005;26;;;;;10000.0;472.0
-1;57200;BANANAS;4893;26;;;;;4896;2;4900;26;;;4894.5;55.42383
-1;57300;BANANAS;4893;25;;;;;4900;25;;;;;4896.5;154.99023
-1;57300;PEARLS;10002;1;9995;25;;;10005;25;;;;;10003.5;472.0
-1;57400;BANANAS;4893;27;;;;;4898;2;4899;2;4900;26;4895.5;153.77148
-1;57400;PEARLS;9996;2;9995;26;;;10002;2;10004;2;10005;26;9999.0;474.0
-1;57500;BANANAS;4892;31;;;;;4897;1;4899;31;;;4894.5;150.26562
-1;57500;PEARLS;9996;1;9995;30;;;10002;1;10004;1;10005;30;9999.0;474.0
-1;57600;PEARLS;9995;29;;;;;9998;1;10005;29;;;9996.5;474.0
-1;57600;BANANAS;4892;29;;;;;4899;29;;;;;4895.5;149.4707
-1;57700;BANANAS;4892;30;;;;;4897;2;4899;30;;;4894.5;149.74219
-1;57700;PEARLS;9996;2;9995;28;;;10002;2;10004;2;10005;28;9999.0;476.0
-1;57800;BANANAS;4892;28;;;;;4899;28;;;;;4895.5;149.32227
-1;57800;PEARLS;9996;2;9995;26;;;10004;2;10005;26;;;10000.0;476.0
-1;57900;BANANAS;4893;32;;;;;4899;2;4900;30;;;4896.0;152.04297
-1;57900;PEARLS;10002;1;9996;2;9995;30;10004;2;10005;30;;;10003.0;476.0
-1;58000;PEARLS;9998;7;9995;23;;;10005;23;;;;;10001.5;478.0
-1;58000;BANANAS;4893;6;4892;23;;;4899;23;;;;;4896.0;152.63281
-1;58100;BANANAS;4893;23;;;;;4899;1;4900;23;;;4896.0;153.73438
-1;58100;PEARLS;9996;1;9995;23;;;10004;1;10005;23;;;10000.0;478.0
-1;58200;BANANAS;4893;26;;;;;4899;2;4900;24;;;4896.0;152.125
-1;58200;PEARLS;9996;2;9995;24;;;10004;2;10005;24;;;10000.0;478.0
-1;58300;BANANAS;4893;23;;;;;4900;23;;;;;4896.5;151.81055
-1;58300;PEARLS;9996;2;9995;21;;;9998;1;10004;2;10005;21;9997.0;478.0
-1;58400;PEARLS;9995;21;;;;;10000;4;10005;21;;;9997.5;480.0
-1;58400;BANANAS;4893;21;;;;;4900;21;;;;;4896.5;149.60547
-1;58500;BANANAS;4894;1;4893;29;;;4900;30;;;;;4897.0;149.05078
-1;58500;PEARLS;9996;1;9995;29;;;9998;1;10004;1;10005;29;9997.0;480.0
-1;58600;BANANAS;4894;2;4893;29;;;4899;2;4900;27;;;4896.5;150.00977
-1;58600;PEARLS;9998;2;9996;2;9995;27;10004;2;10005;27;;;10001.0;480.0
-1;58700;BANANAS;4893;1;4892;24;;;4899;25;;;;;4896.0;149.67188
-1;58700;PEARLS;9996;1;9995;24;;;10004;1;10005;24;;;10000.0;480.0
-1;58800;BANANAS;4894;5;4893;24;;;4900;24;;;;;4897.0;150.89062
-1;58800;PEARLS;9998;4;9996;2;9995;22;10004;2;10005;22;;;10001.0;480.0
-1;58900;PEARLS;9995;22;;;;;9998;1;10005;22;;;9996.5;480.0
-1;58900;BANANAS;4894;22;;;;;4901;22;;;;;4897.5;150.27539
-1;59000;PEARLS;9995;26;;;;;10005;26;;;;;10000.0;480.0
-1;59000;BANANAS;4895;9;4894;26;;;4901;26;;;;;4898.0;149.41992
-1;59100;BANANAS;4893;30;;;;;4894;12;4900;30;;;4893.5;149.72656
-1;59100;PEARLS;9995;30;;;;;9998;2;10005;30;;;9996.5;480.0
-1;59200;PEARLS;10000;3;9996;2;9995;29;10004;2;10005;29;;;10002.0;480.0
-1;59200;BANANAS;4897;1;4893;31;;;4900;31;;;;;4898.5;793.78125
-1;59300;PEARLS;9996;2;9995;28;;;9998;13;10004;2;10005;28;9997.0;480.0
-1;59300;BANANAS;4894;2;4893;28;;;4900;30;;;;;4897.0;740.3711
-1;59400;PEARLS;9995;28;;;;;10005;28;;;;;10000.0;480.0
-1;59400;BANANAS;4894;28;;;;;4899;3;4901;28;;;4896.5;741.8828
-1;59500;BANANAS;4895;1;4894;29;;;4900;2;4901;27;;;4897.5;738.8906
-1;59500;PEARLS;9998;1;9996;2;9995;27;10004;2;10005;27;;;10001.0;480.0
-1;59600;PEARLS;9995;25;;;;;10005;25;;;;;10000.0;480.0
-1;59600;BANANAS;4894;25;;;;;4901;25;;;;;4897.5;742.10547
-1;59700;PEARLS;9998;8;9996;2;9995;26;10004;2;10005;26;;;10001.0;480.0
-1;59700;BANANAS;4895;8;4894;28;;;4901;28;;;;;4898.0;745.27344
-1;59800;PEARLS;9995;20;;;;;10005;20;;;;;10000.0;480.0
-1;59800;BANANAS;4893;20;;;;;4900;20;;;;;4896.5;745.60547
-1;59900;BANANAS;4894;3;4893;22;;;4900;24;;;;;4897.0;747.21875
-1;59900;PEARLS;10002;1;9998;1;9996;2;10004;2;10005;22;;;10003.0;480.0
-1;60000;PEARLS;9998;4;9996;2;9995;29;10004;2;10005;29;;;10001.0;482.0
-1;60000;BANANAS;4894;4;4893;31;;;4900;31;;;;;4897.0;750.8125
-1;60100;PEARLS;9995;25;;;;;9998;1;10005;25;;;9996.5;482.0
-1;60100;BANANAS;4893;25;;;;;4900;25;;;;;4896.5;752.3242
-1;60200;PEARLS;10000;3;9996;1;9995;21;10004;1;10005;21;;;10002.0;484.0
-1;60200;BANANAS;4894;1;4893;21;;;4900;22;;;;;4897.0;752.1719
-1;60300;PEARLS;9996;2;9995;22;;;10004;2;10005;22;;;10000.0;484.0
-1;60300;BANANAS;4893;24;;;;;4900;24;;;;;4896.5;750.8594
-1;60400;BANANAS;4893;25;;;;;4900;25;;;;;4896.5;751.0664
-1;60400;PEARLS;10000;4;9996;1;9995;24;10004;1;10005;24;;;10002.0;484.0
-1;60500;PEARLS;9996;2;9995;20;;;10004;2;10005;20;;;10000.0;484.0
-1;60500;BANANAS;4893;22;;;;;4900;22;;;;;4896.5;751.7344
-1;60600;PEARLS;9995;27;;;;;10002;3;10005;27;;;9998.5;484.0
-1;60600;BANANAS;4893;27;;;;;4898;3;4900;27;;;4895.5;751.9219
-1;60700;PEARLS;9996;2;9995;29;;;10002;8;10004;2;10005;29;9999.0;484.0
-1;60700;BANANAS;4894;31;;;;;4898;8;4900;31;;;4896.0;753.5
-1;60800;BANANAS;4894;25;;;;;4900;1;4901;24;;;4897.0;748.4492
-1;60800;PEARLS;9996;1;9995;24;;;10004;1;10005;24;;;10000.0;484.0
-1;60900;PEARLS;9996;2;9995;23;;;10004;2;10005;23;;;10000.0;484.0
-1;60900;BANANAS;4894;25;;;;;4900;2;4901;23;;;4897.0;745.23047
-1;61000;PEARLS;9996;1;9995;30;;;10004;1;10005;30;;;10000.0;484.0
-1;61000;BANANAS;4894;31;;;;;4900;31;;;;;4897.0;742.0625
-1;61100;PEARLS;9996;2;9995;30;;;10004;2;10005;30;;;10000.0;484.0
-1;61100;BANANAS;4894;32;;;;;4895;2;4897;3;4900;2;4894.5;742.375
-1;61200;BANANAS;4894;30;;;;;4901;30;;;;;4897.5;844.83203
-1;61200;PEARLS;9995;30;;;;;10005;30;;;;;10000.0;484.0
-1;61300;PEARLS;9996;1;9995;30;;;10004;1;10005;30;;;10000.0;484.0
-1;61300;BANANAS;4893;31;;;;;4900;31;;;;;4896.5;842.90234
-1;61400;PEARLS;10002;2;9996;2;9995;26;10004;2;10005;26;;;10003.0;484.0
-1;61400;BANANAS;4894;2;4893;26;;;4900;28;;;;;4897.0;847.7461
-1;61500;PEARLS;10002;6;9995;29;;;10005;29;;;;;10003.5;488.0
-1;61500;BANANAS;4893;29;;;;;4900;29;;;;;4896.5;855.0508
-1;61600;BANANAS;4893;26;;;;;4899;26;;;;;4896.0;855.3711
-1;61600;PEARLS;9996;1;9995;25;;;10004;1;10005;25;;;10000.0;500.0
-1;61700;PEARLS;9996;1;9995;22;;;10004;1;10005;22;;;10000.0;500.0
-1;61700;BANANAS;4898;1;4893;23;;;4899;1;4900;22;;;4898.5;852.77344
-1;61800;PEARLS;9995;29;;;;;10005;29;;;;;10000.0;500.0
-1;61800;BANANAS;4892;29;;;;;4899;29;;;;;4895.5;799.85547
-1;61900;PEARLS;9996;2;9995;23;;;9998;1;10004;2;10005;23;9997.0;500.0
-1;61900;BANANAS;4892;25;;;;;4899;25;;;;;4895.5;800.21875
-1;62000;BANANAS;4892;23;;;;;4898;1;4899;22;;;4895.0;794.66016
-1;62000;PEARLS;9996;1;9995;22;;;10004;1;10005;22;;;10000.0;502.0
-1;62100;PEARLS;9996;1;9995;24;;;10004;1;10005;24;;;10000.0;502.0
-1;62100;BANANAS;4892;25;;;;;4898;1;4899;24;;;4895.0;795.7578
-1;62200;PEARLS;9998;9;9995;26;;;10005;26;;;;;10001.5;502.0
-1;62200;BANANAS;4893;8;4892;26;;;4899;26;;;;;4896.0;792.46484
-1;62300;PEARLS;9996;1;9995;21;;;10004;1;10005;21;;;10000.0;502.0
-1;62300;BANANAS;4892;22;;;;;4899;22;;;;;4895.5;797.46094
-1;62400;BANANAS;4892;26;;;;;4899;26;;;;;4895.5;795.47656
-1;62400;PEARLS;9995;26;;;;;10005;26;;;;;10000.0;502.0
-1;62500;PEARLS;9996;2;9995;27;;;10004;2;10005;27;;;10000.0;502.0
-1;62500;BANANAS;4892;29;;;;;4899;29;;;;;4895.5;794.8125
-1;62600;PEARLS;9996;2;9995;29;;;10004;2;10005;29;;;10000.0;502.0
-1;62600;BANANAS;4893;2;4892;29;;;4899;31;;;;;4896.0;791.6172
-1;62700;PEARLS;9995;25;;;;;10002;4;10005;25;;;9998.5;502.0
-1;62700;BANANAS;4893;25;;;;;4898;4;4900;25;;;4895.5;794.48047
-1;62800;BANANAS;4893;28;;;;;4899;28;;;;;4896.0;790.0547
-1;62800;PEARLS;9996;1;9995;27;;;10004;1;10005;27;;;10000.0;502.0
-1;62900;PEARLS;9996;1;9995;21;;;10004;1;10005;21;;;10000.0;502.0
-1;62900;BANANAS;4894;1;4893;21;;;4900;22;;;;;4897.0;790.16406
-1;63000;PEARLS;9996;2;9995;25;;;10004;2;10005;25;;;10000.0;502.0
-1;63000;BANANAS;4893;27;;;;;4899;2;4900;25;;;4896.0;788.95703
-1;63100;BANANAS;4893;20;;;;;4898;1;4900;20;;;4895.5;788.78516
-1;63100;PEARLS;9995;20;;;;;10002;1;10005;20;;;9998.5;502.0
-1;63200;BANANAS;4893;24;;;;;4900;24;;;;;4896.5;788.4922
-1;63200;PEARLS;9995;24;;;;;10005;24;;;;;10000.0;502.0
-1;63300;BANANAS;4894;2;4893;26;;;4900;28;;;;;4897.0;788.2656
-1;63300;PEARLS;9996;2;9995;26;;;10004;2;10005;26;;;10000.0;502.0
-1;63400;PEARLS;9996;1;9995;30;;;10002;9;10004;1;10005;30;9999.0;502.0
-1;63400;BANANAS;4894;1;4893;30;;;4898;9;4900;31;;;4896.0;789.5039
-1;63500;PEARLS;9996;2;9995;30;;;9998;1;10002;3;10004;2;9997.0;502.0
-1;63500;BANANAS;4893;32;;;;;4898;3;4900;32;;;4895.5;789.84766
-1;63600;BANANAS;4894;31;;;;;4898;6;4900;31;;;4896.0;790.0
-1;63600;PEARLS;9996;1;9995;30;;;10002;6;10004;1;10005;30;9999.0;504.0
-1;63700;PEARLS;9998;8;9996;2;9995;22;10004;2;10005;22;;;10001.0;504.0
-1;63700;BANANAS;4895;8;4894;24;;;4900;24;;;;;4897.5;787.9883
-1;63800;PEARLS;9996;2;9995;26;;;10004;2;10005;26;;;10000.0;504.0
-1;63800;BANANAS;4894;27;;;;;4901;28;;;;;4897.5;784.6953
-1;63900;PEARLS;9995;25;;;;;10002;3;10005;25;;;9998.5;504.0
-1;63900;BANANAS;4894;25;;;;;4895;1;4899;3;4901;25;4894.5;781.7344
-1;64000;BANANAS;4895;1;4894;30;;;4901;31;;;;;4898.0;829.26953
-1;64000;PEARLS;9996;1;9995;30;;;10004;1;10005;30;;;10000.0;504.0
-1;64100;PEARLS;9995;29;;;;;10005;29;;;;;10000.0;504.0
-1;64100;BANANAS;4894;29;;;;;4901;29;;;;;4897.5;822.5703
-1;64200;PEARLS;9996;1;9995;23;;;10002;1;10004;1;10005;23;9999.0;504.0
-1;64200;BANANAS;4895;1;4894;23;;;4899;1;4901;24;;;4897.0;821.58594
-1;64300;PEARLS;9995;29;;;;;10005;29;;;;;10000.0;504.0
-1;64300;BANANAS;4895;29;;;;;4902;29;;;;;4898.5;819.84375
-1;64400;BANANAS;4894;25;;;;;4901;26;;;;;4897.5;818.66016
-1;64400;PEARLS;9996;1;9995;25;;;10004;1;10005;25;;;10000.0;504.0
-1;64500;PEARLS;9998;1;9996;1;9995;30;10004;1;10005;30;;;10001.0;504.0
-1;64500;BANANAS;4896;1;4895;31;;;4901;1;4902;30;;;4898.5;819.9883
-1;64600;PEARLS;9996;1;9995;23;;;10004;1;10005;23;;;10000.0;504.0
-1;64600;BANANAS;4895;23;;;;;4901;1;4902;23;;;4898.0;822.51953
-1;64700;BANANAS;4895;30;;;;;4900;1;4902;30;;;4897.5;820.2422
-1;64700;PEARLS;9996;2;9995;28;;;10002;1;10004;2;10005;28;9999.0;504.0
-1;64800;BANANAS;4895;28;;;;;4900;4;4902;28;;;4897.5;818.16406
-1;64800;PEARLS;9996;2;9995;26;;;10002;4;10004;2;10005;26;9999.0;504.0
-1;64900;BANANAS;4895;29;;;;;4902;30;;;;;4898.5;815.83984
-1;64900;PEARLS;9995;30;;;;;10005;30;;;;;10000.0;504.0
-1;65000;PEARLS;9995;22;;;;;10002;3;10005;22;;;9998.5;504.0
-1;65000;BANANAS;4895;22;;;;;4900;3;4902;22;;;4897.5;819.84375
-1;65100;BANANAS;4896;9;4895;31;;;4902;31;;;;;4899.0;818.85547
-1;65100;PEARLS;9998;9;9996;2;9995;29;10004;2;10005;29;;;10001.0;504.0
-1;65200;BANANAS;4895;25;;;;;4901;25;;;;;4898.0;814.46484
-1;65200;PEARLS;10002;5;9995;25;;;10005;25;;;;;10003.5;504.0
-1;65300;BANANAS;4900;1;4895;5;4894;29;4901;31;;;;;4900.5;811.9961
-1;65300;PEARLS;10002;1;9998;3;9996;2;10004;2;10005;29;;;10003.0;514.0
-1;65400;PEARLS;9996;1;9995;24;;;9998;1;10004;1;10005;24;9997.0;516.0
-1;65400;BANANAS;4894;25;;;;;4901;25;;;;;4897.5;772.1953
-1;65500;BANANAS;4895;2;4894;25;;;4899;6;4901;27;;;4897.0;773.7031
-1;65500;PEARLS;9996;2;9995;25;;;10002;6;10004;2;10005;25;9999.0;518.0
-1;65600;BANANAS;4895;8;4894;28;;;4901;28;;;;;4898.0;773.85156
-1;65600;PEARLS;9998;8;9995;28;;;10005;28;;;;;10001.5;518.0
-1;65700;BANANAS;4894;21;;;;;4901;21;;;;;4897.5;774.5547
-1;65700;PEARLS;9995;21;;;;;10005;21;;;;;10000.0;518.0
-1;65800;PEARLS;9995;29;;;;;10005;29;;;;;10000.0;518.0
-1;65800;BANANAS;4894;29;;;;;4901;29;;;;;4897.5;770.3789
-1;65900;BANANAS;4895;1;4894;26;;;4901;27;;;;;4898.0;768.21484
-1;65900;PEARLS;9996;1;9995;26;;;10004;1;10005;26;;;10000.0;518.0
-1;66000;BANANAS;4894;21;;;;;4901;21;;;;;4897.5;773.15625
-1;66000;PEARLS;9996;1;9995;20;;;9998;2;10004;1;10005;20;9997.0;518.0
-1;66100;BANANAS;4893;22;;;;;4900;22;;;;;4896.5;770.5664
-1;66100;PEARLS;9995;22;;;;;10005;22;;;;;10000.0;522.0
-1;66200;PEARLS;9995;28;;;;;10005;28;;;;;10000.0;522.0
-1;66200;BANANAS;4894;28;;;;;4901;28;;;;;4897.5;770.3203
-1;66300;BANANAS;4893;25;;;;;4900;25;;;;;4896.5;772.7656
-1;66300;PEARLS;9995;25;;;;;9998;1;10005;25;;;9996.5;522.0
-1;66400;BANANAS;4893;29;;;;;4898;6;4899;29;;;4895.5;769.98047
-1;66400;PEARLS;9996;1;9995;28;;;10002;6;10004;1;10005;28;9999.0;524.0
-1;66500;BANANAS;4892;23;;;;;4898;2;4899;22;;;4895.0;771.2461
-1;66500;PEARLS;9996;2;9995;22;;;10004;2;10005;22;;;10000.0;524.0
-1;66600;PEARLS;9995;25;;;;;10002;8;10005;25;;;9998.5;524.0
-1;66600;BANANAS;4895;1;4892;25;;;4897;8;4899;25;;;4896.0;764.2461
-1;66700;BANANAS;4894;6;4893;1;4892;30;4898;30;;;;;4896.0;762.72266
-1;66700;PEARLS;9998;1;9995;30;;;10005;30;;;;;10001.5;524.0
-1;66800;BANANAS;4891;24;;;;;4898;24;;;;;4894.5;759.47266
-1;66800;PEARLS;9996;2;9995;22;;;9998;1;10004;2;10005;22;9997.0;524.0
-1;66900;BANANAS;4891;29;;;;;4898;29;;;;;4894.5;755.9414
-1;66900;PEARLS;9996;1;9995;28;;;10004;1;10005;28;;;10000.0;526.0
-1;67000;PEARLS;10002;4;9996;2;9995;30;10004;2;10005;30;;;10003.0;526.0
-1;67000;BANANAS;4892;2;4891;30;;;4893;5;4898;32;;;4892.5;753.0547
-1;67100;BANANAS;4891;22;;;;;4892;1;4896;4;4898;22;4891.5;991.52734
-1;67100;PEARLS;9996;1;9995;21;;;10002;4;10004;1;10005;21;9999.0;534.0
-1;67200;BANANAS;4891;30;;;;;4897;2;4898;28;;;4894.0;1026.3594
-1;67200;PEARLS;9996;2;9995;28;;;10004;2;10005;28;;;10000.0;534.0
-1;67300;BANANAS;4891;1;4890;25;;;4895;3;4897;26;;;4893.0;1030.2422
-1;67300;PEARLS;9996;1;9995;25;;;10002;3;10004;1;10005;25;9999.0;534.0
-1;67400;PEARLS;9996;1;9995;29;;;9998;5;10004;1;10005;29;9997.0;534.0
-1;67400;BANANAS;4891;30;;;;;4897;1;4898;29;;;4894.0;1024.7656
-1;67500;PEARLS;9996;1;9995;28;;;10004;1;10005;28;;;10000.0;544.0
-1;67500;BANANAS;4892;1;4891;28;;;4898;29;;;;;4895.0;1033.1797
-1;67600;BANANAS;4891;31;;;;;4897;31;;;;;4894.0;1034.4531
-1;67600;PEARLS;9996;1;9995;30;;;10004;1;10005;30;;;10000.0;544.0
-1;67700;BANANAS;4892;2;4891;21;;;4898;21;;;;;4895.0;1035.5625
-1;67700;PEARLS;10002;1;9998;2;9995;21;10005;21;;;;;10003.5;544.0
-1;67800;BANANAS;4892;23;;;;;4898;23;;;;;4895.0;1041.9453
-1;67800;PEARLS;9996;2;9995;21;;;9998;1;10004;2;10005;21;9997.0;546.0
-1;67900;PEARLS;9996;2;9995;20;;;10002;4;10004;2;10005;20;9999.0;548.0
-1;67900;BANANAS;4893;2;4892;20;;;4897;4;4899;22;;;4895.0;1039.9453
-1;68000;PEARLS;9995;30;;;;;10005;30;;;;;10000.0;548.0
-1;68000;BANANAS;4892;30;;;;;4899;30;;;;;4895.5;1044.6172
-1;68100;BANANAS;4892;26;;;;;4899;26;;;;;4895.5;1037.2344
-1;68100;PEARLS;9995;26;;;;;10005;26;;;;;10000.0;548.0
-1;68200;PEARLS;9996;2;9995;24;;;10004;2;10005;24;;;10000.0;548.0
-1;68200;BANANAS;4892;26;;;;;4895;5;4898;2;4899;24;4893.5;1041.1641
-1;68300;PEARLS;9996;1;9995;26;;;10004;1;10005;26;;;10000.0;548.0
-1;68300;BANANAS;4892;1;4891;26;;;4898;27;;;;;4895.0;1264.25
-1;68400;PEARLS;9998;6;9995;28;;;10005;28;;;;;10001.5;548.0
-1;68400;BANANAS;4892;34;;;;;4898;28;;;;;4895.0;1267.0469
-1;68500;BANANAS;4893;2;4892;24;;;4899;24;;;;;4896.0;1273.4062
-1;68500;PEARLS;9998;2;9996;1;9995;23;10004;1;10005;23;;;10001.0;548.0
-1;68600;PEARLS;9996;1;9995;30;;;10002;10;10004;1;10005;30;9999.0;548.0
-1;68600;BANANAS;4892;31;;;;;4897;10;4899;31;;;4894.5;1276.8906
-1;68700;PEARLS;10002;1;9998;7;9996;2;10004;2;10005;27;;;10003.0;548.0
-1;68700;BANANAS;4894;7;4893;29;;;4899;29;;;;;4896.5;1271.7344
-1;68800;PEARLS;9995;23;;;;;10005;23;;;;;10000.0;550.0
-1;68800;BANANAS;4893;23;;;;;4900;23;;;;;4896.5;1277.6875
-1;68900;BANANAS;4896;6;4893;21;;;4900;21;;;;;4898.0;1270.4766
-1;68900;PEARLS;9995;21;;;;;10005;21;;;;;10000.0;550.0
-1;69000;BANANAS;4894;3;4893;21;;;4900;21;;;;;4897.0;1002.16406
-1;69000;PEARLS;9998;3;9996;1;9995;20;10004;1;10005;20;;;10001.0;550.0
-1;69100;PEARLS;9995;21;;;;;10005;21;;;;;10000.0;550.0
-1;69100;BANANAS;4893;21;;;;;4900;21;;;;;4896.5;1001.8047
-1;69200;PEARLS;9996;1;9995;26;;;10002;6;10004;1;10005;26;9999.0;550.0
-1;69200;BANANAS;4893;27;;;;;4898;6;4899;1;4900;26;4895.5;1005.97266
-1;69300;PEARLS;9996;2;9995;22;;;10004;2;10005;22;;;10000.0;550.0
-1;69300;BANANAS;4893;24;;;;;4899;2;4900;22;;;4896.0;1011.3242
-1;69400;BANANAS;4893;28;;;;;4899;1;4900;27;;;4896.0;1010.96094
-1;69400;PEARLS;10002;4;9996;1;9995;27;10004;1;10005;27;;;10003.0;550.0
-1;69500;PEARLS;10002;2;9998;3;9995;27;10005;27;;;;;10003.5;558.0
-1;69500;BANANAS;4894;3;4893;27;;;4900;27;;;;;4897.0;1006.3906
-1;69600;PEARLS;9996;1;9995;24;;;10002;4;10004;1;10005;24;9999.0;562.0
-1;69600;BANANAS;4893;25;;;;;4898;4;4900;25;;;4895.5;1002.0117
-1;69700;PEARLS;9996;2;9995;27;;;10004;2;10005;27;;;10000.0;562.0
-1;69700;BANANAS;4894;29;;;;;4901;29;;;;;4897.5;999.41406
-1;69800;BANANAS;4895;1;4894;26;;;4901;28;;;;;4898.0;997.1758
-1;69800;PEARLS;9996;2;9995;26;;;10004;2;10005;26;;;10000.0;562.0
-1;69900;PEARLS;9995;26;;;;;10005;26;;;;;10000.0;562.0
-1;69900;BANANAS;4895;26;;;;;4902;26;;;;;4898.5;995.52344
-1;70000;PEARLS;9998;10;9996;1;9995;28;10004;1;10005;28;;;10001.0;562.0
-1;70000;BANANAS;4896;10;4895;29;;;4902;29;;;;;4899.0;994.39453
-1;70100;PEARLS;9995;27;;;;;10002;6;10005;27;;;9998.5;562.0
-1;70100;BANANAS;4895;27;;;;;4900;6;4902;27;;;4897.5;990.40234
-1;70200;BANANAS;4896;1;4895;25;;;4902;26;;;;;4899.0;985.16406
-1;70200;PEARLS;9996;1;9995;25;;;10000;3;10004;1;10005;25;9998.0;562.0
-1;70300;PEARLS;9995;25;;;;;10005;25;;;;;10000.0;562.0
-1;70300;BANANAS;4895;25;;;;;4902;25;;;;;4898.5;974.3281
-1;70400;PEARLS;9996;2;9995;29;;;10002;4;10004;2;10005;29;9999.0;562.0
-1;70400;BANANAS;4895;31;;;;;4900;9;4902;31;;;4897.5;971.2578
-1;70500;PEARLS;9995;24;;;;;10005;24;;;;;10000.0;562.0
-1;70500;BANANAS;4895;24;;;;;4902;24;;;;;4898.5;978.0547
-1;70600;BANANAS;4900;1;4895;2;4894;27;4901;29;;;;;4900.5;971.1875
-1;70600;PEARLS;9996;2;9995;27;;;10004;2;10005;27;;;10000.0;562.0
-1;70700;PEARLS;9995;24;;;;;10002;2;10005;24;;;9998.5;562.0
-1;70700;BANANAS;4894;24;;;;;4899;2;4901;24;;;4896.5;931.14844
-1;70800;PEARLS;9996;2;9995;30;;;9998;1;10004;2;10005;30;9997.0;562.0
-1;70800;BANANAS;4895;1;4894;30;;;4901;32;;;;;4898.0;927.3672
-1;70900;PEARLS;9995;29;;;;;10005;29;;;;;10000.0;564.0
-1;70900;BANANAS;4894;29;;;;;4901;29;;;;;4897.5;919.9531
-1;71000;BANANAS;4899;1;4894;31;;;4901;31;;;;;4900.0;919.65625
-1;71000;PEARLS;9996;2;9995;29;;;10004;2;10005;29;;;10000.0;564.0
-1;71100;PEARLS;9996;2;9995;20;;;10004;2;10005;20;;;10000.0;564.0
-1;71100;BANANAS;4895;22;;;;;4896;7;4901;2;4902;20;4895.5;879.7617
-1;71200;PEARLS;9996;2;9995;24;;;10004;2;10005;24;;;10000.0;564.0
-1;71200;BANANAS;4896;2;4895;24;;;4902;26;;;;;4899.0;1173.8516
-1;71300;PEARLS;9995;20;;;;;10005;20;;;;;10000.0;564.0
-1;71300;BANANAS;4895;20;;;;;4902;20;;;;;4898.5;1185.1562
-1;71400;BANANAS;4895;30;;;;;4902;30;;;;;4898.5;1175.5781
-1;71400;PEARLS;9998;1;9995;30;;;10005;30;;;;;10001.5;564.0
-1;71500;PEARLS;9996;1;9995;30;;;10004;1;10005;30;;;10000.0;564.0
-1;71500;BANANAS;4895;31;;;;;4902;31;;;;;4898.5;1199.2266
-1;71600;PEARLS;9995;22;;;;;10005;22;;;;;10000.0;564.0
-1;71600;BANANAS;4895;22;;;;;4902;22;;;;;4898.5;1203.5781
-1;71700;PEARLS;9995;28;;;;;10005;28;;;;;10000.0;564.0
-1;71700;BANANAS;4895;28;;;;;4902;28;;;;;4898.5;1206.1953
-1;71800;BANANAS;4895;2;4894;20;;;4901;22;;;;;4898.0;1211.4531
-1;71800;PEARLS;9996;2;9995;20;;;10004;2;10005;20;;;10000.0;564.0
-1;71900;PEARLS;9996;2;9995;20;;;10004;2;10005;20;;;10000.0;564.0
-1;71900;BANANAS;4894;22;;;;;4897;5;4901;22;;;4895.5;1212.8203
-1;72000;PEARLS;9995;29;;;;;10002;8;10005;29;;;9998.5;564.0
-1;72000;BANANAS;4893;29;;;;;4898;8;4900;29;;;4895.5;1308.0391
-1;72100;BANANAS;4893;28;;;;;4894;3;4898;1;4900;28;4893.5;1300.5938
-1;72100;PEARLS;9996;2;9995;26;;;10002;1;10004;2;10005;26;9999.0;564.0
-1;72200;BANANAS;4893;1;4892;20;;;4899;21;;;;;4896.0;1288.5312
-1;72200;PEARLS;9996;1;9995;20;;;10004;1;10005;20;;;10000.0;564.0
-1;72300;BANANAS;4893;30;;;;;4899;1;4900;29;;;4896.0;1279.2891
-1;72300;PEARLS;9996;1;9995;29;;;10004;1;10005;29;;;10000.0;564.0
-1;72400;PEARLS;9995;24;;;;;10005;24;;;;;10000.0;564.0
-1;72400;BANANAS;4893;24;;;;;4900;24;;;;;4896.5;1278.5547
-1;72500;PEARLS;9996;2;9995;28;;;10004;2;10005;28;;;10000.0;564.0
-1;72500;BANANAS;4893;30;;;;;4899;2;4900;28;;;4896.0;1279.375
-1;72600;BANANAS;4895;4;4892;24;;;4899;24;;;;;4897.0;1275.2031
-1;72600;PEARLS;9996;2;9995;22;;;10004;2;10005;22;;;10000.0;564.0
-1;72700;PEARLS;9995;29;;;;;10005;29;;;;;10000.0;564.0
-1;72700;BANANAS;4892;29;;;;;4899;29;;;;;4895.5;1285.5391
-1;72800;PEARLS;9995;30;;;;;10005;30;;;;;10000.0;564.0
-1;72800;BANANAS;4893;30;;;;;4900;30;;;;;4896.5;1291.4922
-1;72900;PEARLS;9996;1;9995;23;;;10004;1;10005;23;;;10000.0;564.0
-1;72900;BANANAS;4893;24;;;;;4899;24;;;;;4896.0;1296.5312
-1;73000;BANANAS;4893;26;;;;;4900;26;;;;;4896.5;1301.6094
-1;73000;PEARLS;9996;2;9995;24;;;10004;2;10005;24;;;10000.0;564.0
-1;73100;PEARLS;9996;2;9995;24;;;10002;5;10004;2;10005;24;9999.0;564.0
-1;73100;BANANAS;4893;26;;;;;4897;5;4899;26;;;4895.0;1304.3047
-1;73200;PEARLS;9996;1;9995;30;;;10004;1;10005;30;;;10000.0;564.0
-1;73200;BANANAS;4893;31;;;;;4900;31;;;;;4896.5;1318.7891
-1;73300;PEARLS;9996;2;9995;22;;;10004;2;10005;22;;;10000.0;564.0
-1;73300;BANANAS;4897;2;4893;24;;;4900;24;;;;;4898.5;1310.1484
-1;73400;BANANAS;4893;30;;;;;4898;6;4899;1;4900;29;4895.5;1233.1797
-1;73400;PEARLS;9996;1;9995;29;;;9998;1;10002;6;10004;1;9997.0;564.0
-1;73500;BANANAS;4893;21;;;;;4899;21;;;;;4896.0;1240.6875
-1;73500;PEARLS;9995;21;;;;;9998;1;10005;21;;;9996.5;566.0
-1;73600;PEARLS;10002;1;9995;21;;;10005;21;;;;;10003.5;568.0
-1;73600;BANANAS;4893;21;;;;;4900;21;;;;;4896.5;1227.7109
-1;73700;BANANAS;4898;1;4892;20;;;4899;20;;;;;4898.5;1225.5391
-1;73700;PEARLS;9995;20;;;;;9998;10;10005;20;;;9996.5;570.0
-1;73800;BANANAS;4893;6;4892;27;;;4899;27;;;;;4896.0;1183.1016
-1;73800;PEARLS;10002;1;9998;6;9995;27;10005;27;;;;;10003.5;586.0
-1;73900;BANANAS;4893;5;4892;22;;;4899;24;;;;;4896.0;1191.6953
-1;73900;PEARLS;9998;3;9996;2;9995;22;10004;2;10005;22;;;10001.0;588.0
-1;74000;PEARLS;9995;21;;;;;10005;21;;;;;10000.0;588.0
-1;74000;BANANAS;4892;21;;;;;4895;3;4899;21;;;4893.5;1192.1094
-1;74100;BANANAS;4892;28;;;;;4898;26;;;;;4895.0;1331.1797
-1;74100;PEARLS;9998;2;9996;2;9995;24;10004;2;10005;24;;;10001.0;588.0
-1;74200;BANANAS;4891;29;;;;;4898;29;;;;;4894.5;1327.7812
-1;74200;PEARLS;9995;29;;;;;10005;29;;;;;10000.0;588.0
-1;74300;BANANAS;4891;24;;;;;4892;11;4898;24;;;4891.5;1326.5156
-1;74300;PEARLS;9995;24;;;;;10005;24;;;;;10000.0;588.0
-1;74400;PEARLS;9995;21;;;;;10005;21;;;;;10000.0;588.0
-1;74400;BANANAS;4891;20;;;;;4898;21;;;;;4894.5;1336.5469
-1;74500;BANANAS;4894;1;4891;27;;;4897;27;;;;;4895.5;1333.8594
-1;74500;PEARLS;9995;27;;;;;10005;27;;;;;10000.0;588.0
-1;74600;BANANAS;4891;1;4890;27;;;4897;29;;;;;4894.0;1326.5781
-1;74600;PEARLS;9996;2;9995;27;;;10004;2;10005;27;;;10000.0;588.0
-1;74700;BANANAS;4890;22;;;;;4896;2;4897;20;;;4893.0;1324.0938
-1;74700;PEARLS;9996;2;9995;20;;;9998;1;10004;2;10005;20;9997.0;588.0
-1;74800;PEARLS;9996;2;9995;22;;;9998;2;10004;2;10005;22;9997.0;590.0
-1;74800;BANANAS;4890;24;;;;;4896;24;;;;;4893.0;1322.2734
-1;74900;BANANAS;4890;22;;;;;4895;3;4896;1;4897;21;4892.5;1309.4375
-1;74900;PEARLS;9996;1;9995;21;;;9998;1;10002;3;10004;1;9997.0;590.0
-1;75000;BANANAS;4890;25;;;;;4896;25;;;;;4893.0;1303.7344
-1;75000;PEARLS;9996;2;9995;23;;;10004;2;10005;23;;;10000.0;590.0
-1;75100;BANANAS;4891;5;4890;23;;;4897;23;;;;;4894.0;1303.9531
-1;75100;PEARLS;10002;1;10000;4;9998;5;10004;2;10005;21;;;10003.0;590.0
-1;75200;PEARLS;9996;1;9995;28;;;10004;1;10005;28;;;10000.0;592.0
-1;75200;BANANAS;4895;13;4890;29;;;4897;29;;;;;4896.0;1306.5781
-1;75300;BANANAS;4891;27;;;;;4892;1;4898;27;;;4891.5;721.4961
-1;75300;PEARLS;9995;27;;;;;10005;27;;;;;10000.0;592.0
-1;75400;BANANAS;4896;5;4892;28;;;4899;28;;;;;4897.5;772.1211
-1;75400;PEARLS;9996;2;9995;26;;;10004;2;10005;26;;;10000.0;592.0
-1;75500;BANANAS;4892;24;;;;;4898;24;;;;;4895.0;549.65137
-1;75500;PEARLS;9996;1;9995;23;;;10004;1;10005;23;;;10000.0;592.0
-1;75600;PEARLS;9995;30;;;;;10002;9;10005;30;;;9998.5;592.0
-1;75600;BANANAS;4892;30;;;;;4897;9;4899;30;;;4894.5;549.91406
-1;75700;BANANAS;4892;20;;;;;4897;1;4899;20;;;4894.5;550.05273
-1;75700;PEARLS;9995;20;;;;;10002;1;10005;20;;;9998.5;592.0
-1;75800;BANANAS;4892;31;;;;;4899;31;;;;;4895.5;547.20703
-1;75800;PEARLS;9996;2;9995;29;;;10004;2;10005;29;;;10000.0;592.0
-1;75900;BANANAS;4892;21;;;;;4895;1;4898;21;;;4893.5;548.1719
-1;75900;PEARLS;9996;1;9995;20;;;10004;1;10005;20;;;10000.0;592.0
-1;76000;PEARLS;10000;4;9995;21;;;10002;9;10005;21;;;10001.0;592.0
-1;76000;BANANAS;4892;21;;;;;4897;9;4898;21;;;4894.5;592.9961
-1;76100;BANANAS;4892;26;;;;;4898;1;4899;25;;;4895.0;593.2637
-1;76100;PEARLS;9996;1;9995;25;;;10004;1;10005;25;;;10000.0;592.0
-1;76200;BANANAS;4892;20;;;;;4899;20;;;;;4895.5;594.2754
-1;76200;PEARLS;9995;20;;;;;10005;20;;;;;10000.0;592.0
-1;76300;BANANAS;4892;22;;;;;4893;1;4899;22;;;4892.5;592.2344
-1;76300;PEARLS;9996;1;9995;21;;;9998;12;10004;1;10005;21;9997.0;592.0
-1;76400;BANANAS;4893;2;4892;26;;;4899;28;;;;;4896.0;635.3125
-1;76400;PEARLS;9996;2;9995;26;;;10004;2;10005;26;;;10000.0;594.0
-1;76500;PEARLS;9996;1;9995;20;;;10004;1;10005;20;;;10000.0;594.0
-1;76500;BANANAS;4893;21;;;;;4899;1;4900;20;;;4896.0;632.2637
-1;76600;BANANAS;4898;1;4893;30;;;4900;30;;;;;4899.0;630.5469
-1;76600;PEARLS;9995;30;;;;;10005;30;;;;;10000.0;594.0
-1;76700;BANANAS;4894;1;4893;26;;;4900;26;;;;;4897.0;592.63086
-1;76700;PEARLS;9998;1;9996;1;9995;25;10004;1;10005;25;;;10001.0;594.0
-1;76800;PEARLS;9996;2;9995;25;;;10004;2;10005;25;;;10000.0;594.0
-1;76800;BANANAS;4893;27;;;;;4894;1;4900;27;;;4893.5;593.71875
-1;76900;PEARLS;9996;2;9995;21;;;10004;2;10005;21;;;10000.0;594.0
-1;76900;BANANAS;4894;2;4893;21;;;4900;23;;;;;4897.0;638.0156
-1;77000;PEARLS;9996;2;9995;30;;;10004;2;10005;30;;;10000.0;594.0
-1;77000;BANANAS;4894;2;4893;30;;;4900;32;;;;;4897.0;636.81055
-1;77100;BANANAS;4894;29;;;;;4900;30;;;;;4897.0;638.1289
-1;77100;PEARLS;9996;1;9995;29;;;10004;1;10005;29;;;10000.0;594.0
-1;77200;PEARLS;9996;1;9995;29;;;10004;1;10005;29;;;10000.0;594.0
-1;77200;BANANAS;4894;30;;;;;4901;30;;;;;4897.5;634.8164
-1;77300;PEARLS;9996;1;9995;23;;;10004;1;10005;23;;;10000.0;594.0
-1;77300;BANANAS;4895;1;4894;23;;;4901;24;;;;;4898.0;636.9199
-1;77400;PEARLS;9996;1;9995;21;;;10004;1;10005;21;;;10000.0;594.0
-1;77400;BANANAS;4894;22;;;;;4901;22;;;;;4897.5;635.78125
-1;77500;BANANAS;4895;28;;;;;4901;28;;;;;4898.0;636.6406
-1;77500;PEARLS;9996;2;9995;26;;;9998;3;10004;2;10005;26;9997.0;594.0
-1;77600;PEARLS;9996;1;9995;30;;;10004;1;10005;30;;;10000.0;594.0
-1;77600;BANANAS;4894;31;;;;;4901;31;;;;;4897.5;636.33594
-1;77700;PEARLS;9998;4;9995;28;;;10005;28;;;;;10001.5;594.0
-1;77700;BANANAS;4895;5;4894;28;;;4901;28;;;;;4898.0;634.0
-1;77800;PEARLS;9995;29;;;;;10005;29;;;;;10000.0;594.0
-1;77800;BANANAS;4894;29;;;;;4901;29;;;;;4897.5;635.1094
-1;77900;PEARLS;9996;2;9995;24;;;9998;1;10004;2;10005;24;9997.0;594.0
-1;77900;BANANAS;4895;2;4894;24;;;4901;26;;;;;4898.0;639.2969
-1;78000;BANANAS;4895;2;4894;27;;;4901;28;;;;;4898.0;639.52344
-1;78000;PEARLS;9998;2;9996;1;9995;27;10004;1;10005;27;;;10001.0;594.0
-1;78100;PEARLS;10002;1;9998;4;9996;1;10004;1;10005;30;;;10003.0;594.0
-1;78100;BANANAS;4896;4;4895;31;;;4901;31;;;;;4898.5;639.16016
-1;78200;PEARLS;9998;8;9996;1;9995;27;10004;1;10005;27;;;10001.0;596.0
-1;78200;BANANAS;4895;8;4894;28;;;4901;28;;;;;4898.0;637.5117
-1;78300;PEARLS;9998;3;9995;28;;;10005;28;;;;;10001.5;596.0
-1;78300;BANANAS;4895;3;4894;28;;;4900;28;;;;;4897.5;637.21094
-1;78400;BANANAS;4894;28;;;;;4900;2;4901;26;;;4897.0;639.06836
-1;78400;PEARLS;9996;2;9995;26;;;10004;2;10005;26;;;10000.0;596.0
-1;78500;PEARLS;9995;21;;;;;10005;21;;;;;10000.0;596.0
-1;78500;BANANAS;4893;21;;;;;4900;21;;;;;4896.5;635.6367
-1;78600;PEARLS;9996;2;9995;30;;;10004;2;10005;30;;;10000.0;596.0
-1;78600;BANANAS;4894;32;;;;;4900;32;;;;;4897.0;636.34766
-1;78700;PEARLS;9995;21;;;;;10005;21;;;;;10000.0;596.0
-1;78700;BANANAS;4893;21;;;;;4900;21;;;;;4896.5;633.83984
-1;78800;BANANAS;4900;1;4897;2;4895;2;4901;29;;;;;4900.5;634.94727
-1;78800;PEARLS;10002;8;9996;2;9995;27;10004;2;10005;27;;;10003.0;596.0
-1;78900;PEARLS;9996;1;9995;29;;;10004;1;10005;29;;;10000.0;612.0
-1;78900;BANANAS;4894;1;4893;29;;;4900;30;;;;;4897.0;598.9375
-1;79000;PEARLS;9996;1;9995;23;;;10004;1;10005;23;;;10000.0;612.0
-1;79000;BANANAS;4894;24;;;;;4901;24;;;;;4897.5;598.3828
-1;79100;PEARLS;9995;24;;;;;10005;24;;;;;10000.0;612.0
-1;79100;BANANAS;4894;24;;;;;4895;1;4901;24;;;4894.5;596.1094
-1;79200;BANANAS;4895;26;;;;;4896;3;4901;26;;;4895.5;637.7969
