day;timestamp;product;bid_price_1;bid_volume_1;bid_price_2;bid_volume_2;bid_price_3;bid_volume_3;ask_price_1;ask_volume_1;ask_price_2;ask_volume_2;ask_price_3;ask_volume_3;mid_price;profit_and_loss
-1;0;PEARLS;9998;1;9995;30;;;10005;30;;;;;10001.5;0.0
-1;0;BANANAS;4946;1;4945;30;;;4952;30;;;;;4949.0;0.0
-1;100;PEARLS;9996;1;9995;30;;;10002;6;10004;1;10005;30;9999.0;0.0
-1;100;BANANAS;4945;31;;;;;4950;7;4952;31;;;4947.5;0.0
-1;200;BANANAS;4945;22;;;;;4951;1;4952;21;;;4948.0;0.0
-1;200;PEARLS;9996;1;9995;21;;;10004;1;10005;21;;;10000.0;0.0
-1;300;PEARLS;9996;2;9995;23;;;9998;3;10004;2;10005;23;9997.0;0.0
-1;300;BANANAS;4945;25;;;;;4952;25;;;;;4948.5;0.0
-1;400;PEARLS;9998;5;9996;2;9995;23;10004;2;10005;23;;;10001.0;6.0
-1;400;BANANAS;4946;5;4945;25;;;4952;25;;;;;4949.0;0.0
-1;500;PEARLS;10002;1;9996;2;9995;22;10004;2;10005;22;;;10003.0;6.0
-1;500;BANANAS;4945;24;;;;;4952;24;;;;;4948.5;15.003906
-1;600;BANANAS;4946;2;4945;24;;;4950;9;4952;26;;;4948.0;12.7734375
-1;600;PEARLS;9996;2;9995;24;;;10002;9;10004;2;10005;24;9999.0;9.0
-1;700;PEARLS;9998;7;9995;27;;;10005;27;;;;;10001.5;9.0
-1;700;BANANAS;4946;7;4945;27;;;4952;27;;;;;4949.0;14.765625
-1;800;PEARLS;9995;26;;;;;10005;26;;;;;10000.0;9.0
-1;800;BANANAS;4944;26;;;;;4951;26;;;;;4947.5;26.953125
-1;900;BANANAS;4944;2;4943;27;;;4950;29;;;;;4947.0;32.30078
-1;900;PEARLS;9996;2;9995;27;;;10004;2;10005;27;;;10000.0;9.0
-1;1000;BANANAS;4944;28;;;;;4950;2;4951;26;;;4947.0;29.667969
-1;1000;PEARLS;9996;2;9995;26;;;10004;2;10005;26;;;10000.0;9.0
-1;1100;BANANAS;4944;25;;;;;4950;2;4951;23;;;4947.0;28.992188
-1;1100;PEARLS;9996;2;9995;23;;;10004;2;10005;23;;;10000.0;9.0
-1;1200;PEARLS;9998;9;9996;2;9995;28;10004;2;10005;28;;;10001.0;9.0
-1;1200;BANANAS;4945;9;4944;30;;;4951;30;;;;;4948.0;25.4375
-1;1300;PEARLS;9996;1;9995;27;;;10004;1;10005;27;;;10000.0;9.0
-1;1300;BANANAS;4944;28;;;;;4946;4;4951;28;;;4945.0;23.363281
-1;1400;BANANAS;4945;25;;;;;4951;2;4952;24;;;4948.0;17.90625
-1;1400;PEARLS;9996;2;9995;24;;;10004;2;10005;24;;;10000.0;9.0
-1;1500;PEARLS;10002;1;9996;2;9995;20;10004;2;10005;20;;;10003.0;9.0
-1;1500;BANANAS;4950;1;4945;2;4944;20;4951;22;;;;;4950.5;21.929688
-1;1600;PEARLS;9996;1;9995;22;;;10004;1;10005;22;;;10000.0;11.0
-1;1600;BANANAS;4945;23;;;;;4951;1;4952;22;;;4948.0;20.390625
-1;1700;PEARLS;9995;27;;;;;10005;27;;;;;10000.0;11.0
-1;1700;BANANAS;4945;27;;;;;4948;2;4952;27;;;4946.5;11.6328125
-1;1800;BANANAS;4946;2;4945;25;;;4952;27;;;;;4949.0;13.390625
-1;1800;PEARLS;9996;2;9995;25;;;10004;2;10005;25;;;10000.0;17.0
-1;1900;PEARLS;9996;2;9995;29;;;10004;2;10005;29;;;10000.0;17.0
-1;1900;BANANAS;4945;31;;;;;4952;31;;;;;4948.5;18.894531
-1;2000;PEARLS;9996;1;9995;25;;;10002;7;10004;1;10005;25;9999.0;17.0
-1;2000;BANANAS;4945;26;;;;;4950;7;4951;1;4952;25;4947.5;19.308594
-1;2100;PEARLS;9995;23;;;;;10005;23;;;;;10000.0;17.0
-1;2100;BANANAS;4945;23;;;;;4952;23;;;;;4948.5;17.277344
-1;2200;BANANAS;4945;32;;;;;4952;32;;;;;4948.5;14.308594
-1;2200;PEARLS;9996;2;9995;30;;;10004;2;10005;30;;;10000.0;17.0
-1;2300;PEARLS;9996;2;9995;22;;;10004;2;10005;22;;;10000.0;17.0
-1;2300;BANANAS;4946;2;4945;22;;;4952;24;;;;;4949.0;21.570312
-1;2400;PEARLS;9998;4;9996;2;9995;23;10004;2;10005;23;;;10001.0;17.0
-1;2400;BANANAS;4951;3;4948;4;4947;25;4953;2;4954;23;;;4952.0;-2.765625
-1;2500;BANANAS;4947;1;4946;20;;;4948;5;4953;21;;;4947.5;3.96875
-1;2500;PEARLS;9996;1;9995;20;;;10004;1;10005;20;;;10000.0;17.0
-1;2600;BANANAS;4946;25;;;;;4953;25;;;;;4949.5;9.8515625
-1;2600;PEARLS;9995;25;;;;;10005;25;;;;;10000.0;17.0
-1;2700;BANANAS;4947;10;4946;24;;;4953;25;;;;;4950.0;4.15625
-1;2700;PEARLS;9998;4;9996;1;9995;24;10004;1;10005;24;;;10001.0;17.0
-1;2800;PEARLS;9998;5;9995;29;;;10005;29;;;;;10001.5;17.0
-1;2800;BANANAS;4952;1;4947;5;4946;29;4953;29;;;;;4952.5;8.4453125
-1;2900;BANANAS;4946;25;;;;;4953;25;;;;;4949.5;12.0234375
-1;2900;PEARLS;10002;10;9996;2;9995;23;10004;2;10005;23;;;10003.0;17.0
-1;3000;BANANAS;4946;31;;;;;4953;31;;;;;4949.5;11.15625
-1;3000;PEARLS;9996;2;9995;29;;;10004;2;10005;29;;;10000.0;37.0
-1;3100;BANANAS;4947;27;;;;;4953;2;4954;26;;;4950.0;-1.625
-1;3100;PEARLS;9996;2;9995;26;;;10004;2;10005;26;;;10000.0;37.0
-1;3200;PEARLS;9996;2;9995;30;;;10002;6;10004;2;10005;30;9999.0;37.0
-1;3200;BANANAS;4947;2;4946;30;;;4951;6;4953;32;;;4949.0;3.2109375
-1;3300;BANANAS;4946;28;;;;;4953;28;;;;;4949.5;14.234375
-1;3300;PEARLS;9996;2;9995;26;;;10004;2;10005;26;;;10000.0;37.0
-1;3400;BANANAS;4946;29;;;;;4953;29;;;;;4949.5;11.2578125
-1;3400;PEARLS;9996;2;9995;27;;;10004;2;10005;27;;;10000.0;57.0
-1;3500;BANANAS;4946;30;;;;;4951;9;4953;30;;;4948.5;7.53125
-1;3500;PEARLS;9996;2;9995;28;;;10002;9;10004;2;10005;28;9999.0;57.0
-1;3600;PEARLS;9995;21;;;;;9998;1;10005;21;;;9996.5;57.0
-1;3600;BANANAS;4947;21;;;;;4954;21;;;;;4950.5;-4.75
-1;3700;BANANAS;4947;31;;;;;4952;6;4953;2;4954;29;4949.5;-4.65625
-1;3700;PEARLS;9996;2;9995;29;;;10000;5;10002;7;10004;2;9998.0;59.0
-1;3800;BANANAS;4947;30;;;;;4953;1;4954;29;;;4950.0;-3.875
-1;3800;PEARLS;10002;1;9996;1;9995;29;10004;1;10005;29;;;10003.0;59.0
-1;3900;BANANAS;4948;1;4947;25;;;4954;25;;;;;4951.0;-1.5
-1;3900;PEARLS;9998;1;9995;25;;;10005;25;;;;;10001.5;61.0
-1;4000;PEARLS;10002;9;9996;2;9995;27;10004;2;10005;27;;;10003.0;61.0
-1;4000;BANANAS;4947;29;;;;;4953;2;4954;27;;;4950.0;-0.9765625
-1;4100;BANANAS;4946;24;;;;;4953;24;;;;;4949.5;6.0859375
-1;4100;PEARLS;9996;1;9995;23;;;10004;1;10005;23;;;10000.0;79.0
-1;4200;BANANAS;4946;28;;;;;4947;12;4953;28;;;4946.5;6.390625
-1;4200;PEARLS;9996;2;9995;26;;;10004;2;10005;26;;;10000.0;79.0
-1;4300;BANANAS;4946;31;;;;;4952;2;4953;29;;;4949.0;42.5
-1;4300;PEARLS;9996;2;9995;29;;;10004;2;10005;29;;;10000.0;79.0
-1;4400;PEARLS;9996;1;9995;26;;;9998;1;10004;1;10005;26;9997.0;87.0
-1;4400;BANANAS;4946;26;;;;;4953;27;;;;;4949.5;42.996094
-1;4500;BANANAS;4946;27;;;;;4953;27;;;;;4949.5;43.226562
-1;4500;PEARLS;9995;27;;;;;10005;27;;;;;10000.0;89.0
-1;4600;BANANAS;4946;22;;;;;4953;22;;;;;4949.5;42.398438
-1;4600;PEARLS;9996;1;9995;21;;;10004;1;10005;21;;;10000.0;89.0
-1;4700;BANANAS;4946;27;;;;;4947;8;4952;1;4953;26;4946.5;44.23828
-1;4700;PEARLS;9998;4;9996;1;9995;26;10004;1;10005;26;;;10001.0;89.0
-1;4800;PEARLS;10002;3;9996;1;9995;24;10004;1;10005;24;;;10003.0;89.0
-1;4800;BANANAS;4951;1;4946;25;;;4952;1;4953;24;;;4951.5;62.242676
-1;4900;BANANAS;4946;22;;;;;4952;22;;;;;4949.0;64.0
-1;4900;PEARLS;9995;22;;;;;9998;4;10005;22;;;9996.5;95.0
-1;5000;BANANAS;4947;4;4946;22;;;4953;23;;;;;4950.0;64.0
-1;5000;PEARLS;9998;3;9996;1;9995;22;10004;1;10005;22;;;10001.0;103.0
-1;5100;BANANAS;4947;9;4946;25;;;4948;2;4953;25;;;4947.5;64.0
-1;5100;PEARLS;10002;1;9998;9;9995;25;10005;25;;;;;10003.5;103.0
-1;5200;PEARLS;9996;2;9995;22;;;10004;2;10005;22;;;10000.0;105.0
-1;5200;BANANAS;4947;2;4946;22;;;4953;24;;;;;4950.0;64.0
-1;5300;PEARLS;9995;25;;;;;10005;25;;;;;10000.0;105.0
-1;5300;BANANAS;4947;25;;;;;4954;25;;;;;4950.5;64.0
-1;5400;BANANAS;4947;27;;;;;4952;8;4954;27;;;4949.5;64.0
-1;5400;PEARLS;9995;27;;;;;10000;6;10002;8;10005;27;9997.5;105.0
-1;5500;BANANAS;4947;30;;;;;4954;30;;;;;4950.5;64.0
-1;5500;PEARLS;9996;1;9995;29;;;10004;1;10005;29;;;10000.0;105.0
-1;5600;BANANAS;4947;9;4946;26;;;4953;27;;;;;4950.0;64.0
-1;5600;PEARLS;10002;1;9998;8;9996;1;10004;1;10005;26;;;10003.0;105.0
-1;5700;PEARLS;9998;4;9996;2;9995;23;10004;2;10005;23;;;10001.0;107.0
-1;5700;BANANAS;4950;2;4948;4;4947;25;4954;25;;;;;4952.0;64.0
-1;5800;PEARLS;10002;1;9998;10;9995;24;10005;24;;;;;10003.5;107.0
-1;5800;BANANAS;4953;1;4948;10;4947;24;4954;24;;;;;4953.5;64.0
-1;5900;BANANAS;4947;21;;;;;4954;21;;;;;4950.5;66.56348
-1;5900;PEARLS;10000;5;9996;1;9995;20;10004;1;10005;20;;;10002.0;109.0
-1;6000;PEARLS;9996;2;9995;22;;;9998;4;10004;2;10005;22;9997.0;109.0
-1;6000;BANANAS;4947;24;;;;;4953;2;4954;22;;;4950.0;66.73828
-1;6100;PEARLS;9996;1;9995;24;;;10000;5;10002;2;10004;1;9998.0;117.0
-1;6100;BANANAS;4947;25;;;;;4952;2;4954;25;;;4949.5;66.42627
-1;6200;PEARLS;9996;1;9995;29;;;10004;1;10005;29;;;10000.0;117.0
-1;6200;BANANAS;4947;30;;;;;4948;13;4954;30;;;4947.5;66.55908
-1;6300;BANANAS;4947;25;;;;;4948;1;4954;25;;;4947.5;100.86719
-1;6300;PEARLS;9995;25;;;;;10005;25;;;;;10000.0;117.0
-1;6400;PEARLS;10000;4;9995;23;;;10005;23;;;;;10002.5;117.0
-1;6400;BANANAS;4947;23;;;;;4954;23;;;;;4950.5;112.31641
-1;6500;PEARLS;9995;20;;;;;10005;20;;;;;10000.0;117.0
-1;6500;BANANAS;4947;20;;;;;4954;20;;;;;4950.5;113.71094
-1;6600;PEARLS;9996;1;9995;26;;;10004;1;10005;26;;;10000.0;117.0
-1;6600;BANANAS;4948;27;;;;;4955;27;;;;;4951.5;116.54297
-1;6700;BANANAS;4948;28;;;;;4954;2;4955;26;;;4951.0;148.46875
-1;6700;PEARLS;10002;4;9996;2;9995;26;10004;2;10005;26;;;10003.0;117.0
-1;6800;BANANAS;4948;1;4947;24;;;4954;24;;;;;4951.0;155.76172
-1;6800;PEARLS;9998;1;9996;1;9995;23;10004;1;10005;23;;;10001.0;125.0
-1;6900;PEARLS;9995;28;;;;;10005;28;;;;;10000.0;145.0
-1;6900;BANANAS;4952;1;4951;4;4947;28;4954;28;;;;;4953.0;162.38281
-1;7000;PEARLS;10000;6;9998;7;9996;2;10004;2;10005;27;;;10002.0;145.0
-1;7000;BANANAS;4948;7;4947;29;;;4954;29;;;;;4951.0;163.38672
-1;7100;PEARLS;9996;1;9995;29;;;10004;1;10005;29;;;10000.0;145.0
-1;7100;BANANAS;4947;30;;;;;4954;30;;;;;4950.5;161.57422
-1;7200;BANANAS;4947;23;;;;;4954;23;;;;;4950.5;159.82031
-1;7200;PEARLS;9996;2;9995;21;;;10004;2;10005;21;;;10000.0;145.0
-1;7300;PEARLS;9996;2;9995;23;;;10002;4;10004;2;10005;23;9999.0;146.0
-1;7300;BANANAS;4947;25;;;;;4952;4;4954;25;;;4949.5;165.5
-1;7400;PEARLS;10002;1;9996;2;9995;28;10004;2;10005;28;;;10003.0;146.0
-1;7400;BANANAS;4947;30;;;;;4953;2;4954;28;;;4950.0;167.39844
-1;7500;PEARLS;9995;29;;;;;10005;29;;;;;10000.0;148.0
-1;7500;BANANAS;4947;29;;;;;4953;29;;;;;4950.0;168.76562
-1;7600;BANANAS;4946;26;;;;;4953;26;;;;;4949.5;175.75781
-1;7600;PEARLS;9996;2;9995;24;;;10004;2;10005;24;;;10000.0;148.0
-1;7700;PEARLS;9995;28;;;;;10005;28;;;;;10000.0;148.0
-1;7700;BANANAS;4951;1;4945;28;;;4952;28;;;;;4951.5;186.63672
-1;7800;PEARLS;9996;1;9995;22;;;10004;1;10005;22;;;10000.0;149.0
-1;7800;BANANAS;4951;1;4946;23;;;4952;1;4953;22;;;4951.5;184.51953
-1;7900;PEARLS;9996;1;9995;25;;;10002;4;10004;1;10005;25;9999.0;149.0
-1;7900;BANANAS;4946;1;4945;25;;;4950;4;4952;26;;;4948.0;192.17578
-1;8000;BANANAS;4945;23;;;;;4952;23;;;;;4948.5;192.80469
-1;8000;PEARLS;9996;1;9995;22;;;10004;1;10005;22;;;10000.0;149.0
-1;8100;PEARLS;9995;22;;;;;10005;22;;;;;10000.0;149.0
-1;8100;BANANAS;4945;22;;;;;4952;22;;;;;4948.5;196.1875
-1;8200;PEARLS;9995;20;;;;;9998;1;10002;2;10005;20;9996.5;149.0
-1;8200;BANANAS;4949;2;4945;20;;;4950;2;4952;20;;;4949.5;196.75781
-1;8300;PEARLS;10002;1;9998;6;9996;1;10004;1;10005;26;;;10003.0;151.0
-1;8300;BANANAS;4946;6;4945;27;;;4952;27;;;;;4949.0;197.65625
-1;8400;BANANAS;4945;26;;;;;4951;26;;;;;4948.0;201.2461
-1;8400;PEARLS;9995;26;;;;;10005;26;;;;;10000.0;153.0
-1;8500;PEARLS;9995;30;;;;;10005;30;;;;;10000.0;153.0
-1;8500;BANANAS;4947;5;4944;30;;;4951;30;;;;;4949.0;207.76562
-1;8600;PEARLS;9996;1;9995;22;;;10004;1;10005;22;;;10000.0;153.0
-1;8600;BANANAS;4944;23;;;;;4951;23;;;;;4947.5;209.07812
-1;8700;PEARLS;9996;1;9995;29;;;10004;1;10005;29;;;10000.0;153.0
-1;8700;BANANAS;4945;30;;;;;4946;1;4952;30;;;4945.5;196.60156
-1;8800;BANANAS;4945;23;;;;;4947;4;4952;23;;;4946.0;196.32031
-1;8800;PEARLS;9995;23;;;;;9998;12;10005;23;;;9996.5;153.0
-1;8900;PEARLS;10002;5;9996;1;9995;26;10004;1;10005;26;;;10003.0;153.0
-1;8900;BANANAS;4945;27;;;;;4952;27;;;;;4948.5;199.0625
-1;9000;PEARLS;9995;23;;;;;10002;7;10005;23;;;9998.5;163.0
-1;9000;BANANAS;4945;23;;;;;4950;7;4952;23;;;4947.5;195.8125
-1;9100;PEARLS;9996;1;9995;30;;;10004;1;10005;30;;;10000.0;163.0
-1;9100;BANANAS;4946;31;;;;;4949;3;4952;1;4953;30;4947.5;190.32812
-1;9200;BANANAS;4945;24;;;;;4950;3;4952;24;;;4947.5;194.21875
-1;9200;PEARLS;9995;24;;;;;10002;3;10005;24;;;9998.5;163.0
-1;9300;PEARLS;9995;23;;;;;10005;23;;;;;10000.0;163.0
-1;9300;BANANAS;4945;23;;;;;4952;23;;;;;4948.5;194.53125
-1;9400;PEARLS;9996;2;9995;22;;;10004;2;10005;22;;;10000.0;163.0
-1;9400;BANANAS;4946;24;;;;;4952;24;;;;;4949.0;192.19531
-1;9500;PEARLS;9998;9;9996;1;9995;28;10004;1;10005;28;;;10001.0;163.0
-1;9500;BANANAS;4946;10;4945;28;;;4952;29;;;;;4949.0;193.3164
-1;9600;BANANAS;4945;20;;;;;4946;1;4952;20;;;4945.5;195.24219
-1;9600;PEARLS;9995;20;;;;;10005;20;;;;;10000.0;163.0
-1;9700;PEARLS;9998;3;9995;25;;;10005;25;;;;;10001.5;163.0
-1;9700;BANANAS;4946;3;4945;25;;;4952;25;;;;;4949.0;195.3711
-1;9800;PEARLS;9995;21;;;;;10002;5;10005;21;;;9998.5;163.0
-1;9800;BANANAS;4945;21;;;;;4950;5;4952;21;;;4947.5;196.00781
-1;9900;BANANAS;4945;22;;;;;4952;22;;;;;4948.5;197.30469
-1;9900;PEARLS;9995;22;;;;;10005;22;;;;;10000.0;163.0
-1;10000;BANANAS;4946;8;4945;31;;;4952;31;;;;;4949.0;198.75
-1;10000;PEARLS;9998;8;9996;2;9995;29;10004;2;10005;29;;;10001.0;163.0
-1;10100;BANANAS;4945;22;;;;;4952;22;;;;;4948.5;197.375
-1;10100;PEARLS;9995;22;;;;;10005;22;;;;;10000.0;163.0
-1;10200;PEARLS;9996;2;9995;23;;;10004;2;10005;23;;;10000.0;163.0
-1;10200;BANANAS;4946;25;;;;;4952;2;4953;23;;;4949.0;193.97656
-1;10300;PEARLS;9996;2;9995;20;;;10004;2;10005;20;;;10000.0;163.0
-1;10300;BANANAS;4946;2;4945;20;;;4947;4;4952;22;;;4946.5;195.86328
-1;10400;BANANAS;4946;30;;;;;4953;30;;;;;4949.5;190.94531
-1;10400;PEARLS;9995;30;;;;;10005;30;;;;;10000.0;165.0
-1;10500;PEARLS;9998;4;9996;1;9995;27;10004;1;10005;27;;;10001.0;165.0
-1;10500;BANANAS;4946;4;4945;28;;;4952;28;;;;;4949.0;201.48047
-1;10600;PEARLS;9995;23;;;;;9998;2;10002;6;10005;23;9996.5;165.0
-1;10600;BANANAS;4945;23;;;;;4950;6;4952;23;;;4947.5;201.25781
-1;10700;PEARLS;9998;1;9995;23;;;10005;23;;;;;10001.5;169.0
-1;10700;BANANAS;4946;1;4945;23;;;4952;23;;;;;4949.0;198.63672
-1;10800;BANANAS;4947;3;4946;23;;;4953;23;;;;;4950.0;191.35938
-1;10800;PEARLS;10002;1;9998;4;9995;23;10005;23;;;;;10003.5;169.0
-1;10900;PEARLS;9996;1;9995;29;;;10004;1;10005;29;;;10000.0;171.0
-1;10900;BANANAS;4947;1;4946;29;;;4953;30;;;;;4950.0;185.71875
-1;11000;PEARLS;9996;1;9995;29;;;10004;1;10005;29;;;10000.0;171.0
-1;11000;BANANAS;4946;30;;;;;4952;1;4953;29;;;4949.0;192.79297
-1;11100;PEARLS;9996;2;9995;29;;;10002;4;10004;2;10005;29;9999.0;171.0
-1;11100;BANANAS;4946;31;;;;;4951;4;4952;2;4953;29;4948.5;193.39453
-1;11200;BANANAS;4946;29;;;;;4952;1;4953;28;;;4949.0;193.0625
-1;11200;PEARLS;10002;1;9996;1;9995;28;10004;1;10005;28;;;10003.0;185.0
-1;11300;BANANAS;4950;1;4945;27;;;4952;27;;;;;4951.0;198.39062
-1;11300;PEARLS;9996;1;9995;26;;;10004;1;10005;26;;;10000.0;187.0
-1;11400;PEARLS;9998;2;9996;1;9995;23;10004;1;10005;23;;;10001.0;187.0
-1;11400;BANANAS;4946;3;4945;24;;;4951;1;4952;23;;;4948.5;205.49219
-1;11500;BANANAS;4945;2;4944;28;;;4951;29;;;;;4948.0;209.15234
-1;11500;PEARLS;9998;1;9996;1;9995;28;10004;1;10005;28;;;10001.0;187.0
-1;11600;BANANAS;4944;26;;;;;4951;26;;;;;4947.5;211.98047
-1;11600;PEARLS;9995;26;;;;;10005;26;;;;;10000.0;187.0
-1;11700;BANANAS;4944;22;;;;;4951;22;;;;;4947.5;210.23828
-1;11700;PEARLS;9996;1;9995;21;;;10004;1;10005;21;;;10000.0;187.0
-1;11800;PEARLS;9995;21;;;;;10005;21;;;;;10000.0;187.0
-1;11800;BANANAS;4944;21;;;;;4951;21;;;;;4947.5;209.6914
-1;11900;BANANAS;4944;25;;;;;4951;25;;;;;4947.5;216.8086
-1;11900;PEARLS;9995;25;;;;;10005;25;;;;;10000.0;187.0
-1;12000;BANANAS;4943;25;;;;;4950;25;;;;;4946.5;220.53125
-1;12000;PEARLS;9995;25;;;;;10005;25;;;;;10000.0;187.0
-1;12100;BANANAS;4943;22;;;;;4948;4;4949;2;4950;20;4945.5;228.16406
-1;12100;PEARLS;9996;2;9995;20;;;10002;3;10004;2;10005;20;9999.0;187.0
-1;12200;PEARLS;9998;10;9996;2;9995;26;10004;2;10005;26;;;10001.0;187.0
-1;12200;BANANAS;4944;10;4943;28;;;4950;28;;;;;4947.0;222.55078
-1;12300;BANANAS;4943;24;;;;;4950;24;;;;;4946.5;224.8164
-1;12300;PEARLS;9996;1;9995;23;;;10000;5;10004;1;10005;23;9998.0;187.0
-1;12400;BANANAS;4943;30;;;;;4949;1;4950;29;;;4946.0;226.38281
-1;12400;PEARLS;9996;1;9995;29;;;10004;1;10005;29;;;10000.0;187.0
-1;12500;BANANAS;4943;31;;;;;4949;2;4950;29;;;4946.0;226.34766
-1;12500;PEARLS;10002;5;9996;2;9995;29;10004;2;10005;29;;;10003.0;187.0
-1;12600;PEARLS;9998;5;9996;1;9995;30;10004;1;10005;30;;;10001.0;197.0
-1;12600;BANANAS;4944;5;4943;31;;;4949;31;;;;;4946.5;228.71094
-1;12700;BANANAS;4943;31;;;;;4950;31;;;;;4946.5;223.23828
-1;12700;PEARLS;9996;2;9995;29;;;10004;2;10005;29;;;10000.0;197.0
-1;12800;BANANAS;4943;31;;;;;4948;3;4950;31;;;4945.5;221.46484
-1;12800;PEARLS;9996;1;9995;30;;;10002;3;10004;1;10005;30;9999.0;197.0
-1;12900;BANANAS;4944;24;;;;;4950;24;;;;;4947.0;218.08984
-1;12900;PEARLS;9995;24;;;;;10005;24;;;;;10000.0;197.0
-1;13000;PEARLS;9995;27;;;;;10005;27;;;;;10000.0;197.0
-1;13000;BANANAS;4943;27;;;;;4950;27;;;;;4946.5;219.28516
-1;13100;BANANAS;4944;30;;;;;4950;2;4951;28;;;4947.0;216.8711
-1;13100;PEARLS;9996;2;9995;28;;;10004;2;10005;28;;;10000.0;197.0
-1;13200;BANANAS;4943;28;;;;;4950;28;;;;;4946.5;220.00781
-1;13200;PEARLS;9995;28;;;;;10005;28;;;;;10000.0;197.0
-1;13300;BANANAS;4949;1;4944;28;;;4950;2;4951;26;;;4949.5;217.16797
-1;13300;PEARLS;9996;2;9995;26;;;10004;2;10005;26;;;10000.0;197.0
-1;13400;PEARLS;10002;1;9996;1;9995;25;10004;1;10005;25;;;10003.0;197.0
-1;13400;BANANAS;4944;26;;;;;4950;1;4951;25;;;4947.0;218.41797
-1;13500;BANANAS;4947;4;4944;30;;;4949;9;4951;30;;;4948.0;214.03516
-1;13500;PEARLS;9996;1;9995;29;;;10002;9;10004;1;10005;29;9999.0;199.0
-1;13600;BANANAS;4944;25;;;;;4950;2;4951;23;;;4947.0;216.99219
-1;13600;PEARLS;9996;2;9995;23;;;10004;2;10005;23;;;10000.0;199.0
-1;13700;BANANAS;4947;5;4944;30;;;4949;7;4951;30;;;4948.0;216.42578
-1;13700;PEARLS;10000;2;9996;2;9995;28;10002;7;10004;2;10005;28;10001.0;199.0
-1;13800;PEARLS;9996;1;9995;24;;;10004;1;10005;24;;;10000.0;199.0
-1;13800;BANANAS;4943;25;;;;;4950;25;;;;;4946.5;228.00781
-1;13900;BANANAS;4942;20;;;;;4947;2;4949;20;;;4944.5;234.96875
-1;13900;PEARLS;9995;20;;;;;10002;2;10005;20;;;9998.5;199.0
-1;14000;BANANAS;4948;1;4943;1;4942;26;4949;27;;;;;4948.5;234.86719
-1;14000;PEARLS;9996;1;9995;26;;;10004;1;10005;26;;;10000.0;199.0
-1;14100;BANANAS;4942;24;;;;;4949;24;;;;;4945.5;244.58203
-1;14100;PEARLS;10000;3;9996;2;9995;22;10004;2;10005;22;;;10002.0;201.0
-1;14200;BANANAS;4942;24;;;;;4949;24;;;;;4945.5;245.33203
-1;14200;PEARLS;9996;2;9995;22;;;10004;2;10005;22;;;10000.0;201.0
-1;14300;PEARLS;9996;2;9995;28;;;10004;2;10005;28;;;10000.0;201.0
-1;14300;BANANAS;4943;30;;;;;4949;2;4950;28;;;4946.0;236.58984
-1;14400;BANANAS;4943;9;4942;23;;;4949;23;;;;;4946.0;240.55078
-1;14400;PEARLS;9998;9;9996;1;9995;22;10004;1;10005;22;;;10001.0;201.0
-1;14500;BANANAS;4943;22;;;;;4949;1;4950;22;;;4946.0;236.19531
-1;14500;PEARLS;9996;1;9995;22;;;10000;2;10004;1;10005;22;9998.0;201.0
-1;14600;PEARLS;9995;21;;;;;10002;3;10005;21;;;9998.5;201.0
-1;14600;BANANAS;4942;21;;;;;4947;3;4949;21;;;4944.5;240.01172
-1;14700;PEARLS;9998;5;9996;2;9995;24;10004;2;10005;24;;;10001.0;201.0
-1;14700;BANANAS;4943;7;4942;24;;;4949;26;;;;;4946.0;240.35938
-1;14800;PEARLS;9996;2;9995;21;;;10004;2;10005;21;;;10000.0;201.0
-1;14800;BANANAS;4943;1;4942;21;;;4949;23;;;;;4946.0;238.38281
-1;14900;BANANAS;4943;2;4942;28;;;4947;8;4949;30;;;4945.0;239.9414
-1;14900;PEARLS;9996;2;9995;28;;;10002;8;10004;2;10005;28;9999.0;201.0
-1;15000;PEARLS;9996;1;9995;22;;;10004;1;10005;22;;;10000.0;201.0
-1;15000;BANANAS;4942;23;;;;;4943;1;4949;23;;;4942.5;242.67188
-1;15100;PEARLS;10002;1;9996;1;9995;25;10004;1;10005;25;;;10003.0;201.0
-1;15100;BANANAS;4948;1;4943;1;4942;25;4949;26;;;;;4948.5;241.28516
-1;15200;PEARLS;9998;3;9996;2;9995;23;10000;4;10004;2;10005;23;9999.0;203.0
-1;15200;BANANAS;4946;3;4944;3;4943;25;4950;25;;;;;4948.0;237.3125
-1;15300;BANANAS;4943;5;4942;22;;;4949;24;;;;;4946.0;243.57031
-1;15300;PEARLS;9998;3;9996;2;9995;22;10004;2;10005;22;;;10001.0;203.0
-1;15400;PEARLS;9996;2;9995;24;;;10002;4;10004;2;10005;24;9999.0;203.0
-1;15400;BANANAS;4942;26;;;;;4947;4;4949;26;;;4944.5;246.2539
-1;15500;PEARLS;9998;5;9995;20;;;10005;20;;;;;10001.5;203.0
-1;15500;BANANAS;4948;1;4943;5;4942;20;4949;20;;;;;4948.5;244.4375
-1;15600;PEARLS;9996;1;9995;23;;;10004;1;10005;23;;;10000.0;203.0
-1;15600;BANANAS;4943;24;;;;;4950;24;;;;;4946.5;239.1836
-1;15700;PEARLS;9996;2;9995;20;;;10004;2;10005;20;;;10000.0;203.0
-1;15700;BANANAS;4944;22;;;;;4950;2;4951;20;;;4947.0;228.49219
-1;15800;BANANAS;4945;9;4944;26;;;4950;2;4951;24;;;4947.5;229.53516
-1;15800;PEARLS;9998;5;9996;2;9995;24;10004;2;10005;24;;;10001.0;203.0
-1;15900;PEARLS;9998;10;9995;27;;;10005;27;;;;;10001.5;203.0
-1;15900;BANANAS;4945;10;4944;27;;;4951;27;;;;;4948.0;223.92188
-1;16000;PEARLS;9996;2;9995;25;;;10002;7;10004;2;10005;25;9999.0;203.0
-1;16000;BANANAS;4945;27;;;;;4950;7;4951;2;4952;25;4947.5;217.33984
-1;16100;PEARLS;9998;4;9995;29;;;10005;29;;;;;10001.5;203.0
-1;16100;BANANAS;4945;4;4944;29;;;4951;29;;;;;4948.0;238.56055
-1;16200;BANANAS;4944;21;;;;;4945;1;4951;21;;;4944.5;238.58594
-1;16200;PEARLS;9995;21;;;;;10005;21;;;;;10000.0;203.0
-1;16300;PEARLS;9996;2;9995;29;;;10002;2;10004;2;10005;29;9999.0;203.0
-1;16300;BANANAS;4944;31;;;;;4949;2;4951;31;;;4946.5;241.79785
-1;16400;PEARLS;9996;2;9995;22;;;9998;1;10004;2;10005;22;9997.0;203.0
-1;16400;BANANAS;4945;2;4944;22;;;4951;24;;;;;4948.0;241.24414
-1;16500;PEARLS;9996;2;9995;25;;;10004;2;10005;25;;;10000.0;205.0
-1;16500;BANANAS;4945;2;4944;25;;;4951;27;;;;;4948.0;241.41016
-1;16600;BANANAS;4945;25;;;;;4951;25;;;;;4948.0;240.97461
-1;16600;PEARLS;9996;2;9995;23;;;10004;2;10005;23;;;10000.0;205.0
-1;16700;PEARLS;10002;3;9996;1;9995;23;10004;1;10005;23;;;10003.0;205.0
-1;16700;BANANAS;4944;24;;;;;4945;1;4951;24;;;4944.5;241.58203
-1;16800;PEARLS;9996;2;9995;30;;;10002;5;10004;2;10005;30;9999.0;211.0
-1;16800;BANANAS;4944;32;;;;;4949;5;4950;2;4951;30;4946.5;244.72656
-1;16900;PEARLS;9996;1;9995;23;;;10004;1;10005;23;;;10000.0;213.0
-1;16900;BANANAS;4944;24;;;;;4951;24;;;;;4947.5;247.95996
-1;17000;BANANAS;4944;23;;;;;4951;23;;;;;4947.5;248.11133
-1;17000;PEARLS;9995;23;;;;;10005;23;;;;;10000.0;213.0
-1;17100;PEARLS;9998;6;9996;1;9995;30;10004;1;10005;30;;;10001.0;213.0
-1;17100;BANANAS;4945;6;4944;30;;;4951;31;;;;;4948.0;246.2168
-1;17200;PEARLS;9998;6;9996;2;9995;24;10004;2;10005;24;;;10001.0;213.0
-1;17200;BANANAS;4946;6;4945;26;;;4951;2;4952;24;;;4948.5;245.5039
-1;17300;PEARLS;9995;28;;;;;9998;1;10002;3;10005;28;9996.5;213.0
-1;17300;BANANAS;4945;28;;;;;4947;2;4950;3;4952;28;4946.0;243.8584
-1;17400;BANANAS;4946;25;;;;;4952;1;4953;24;;;4949.0;242.86719
-1;17400;PEARLS;9996;1;9995;24;;;10004;1;10005;24;;;10000.0;215.0
-1;17500;PEARLS;9996;1;9995;23;;;10004;1;10005;23;;;10000.0;215.0
-1;17500;BANANAS;4951;11;4946;24;;;4953;24;;;;;4952.0;241.7832
-1;17600;PEARLS;9995;27;;;;;10005;27;;;;;10000.0;215.0
-1;17600;BANANAS;4945;27;;;;;4952;27;;;;;4948.5;271.2578
-1;17700;PEARLS;9996;1;9995;23;;;10004;1;10005;23;;;10000.0;215.0
-1;17700;BANANAS;4945;24;;;;;4951;1;4952;23;;;4948.0;275.6875
-1;17800;BANANAS;4944;23;;;;;4951;23;;;;;4947.5;280.16406
-1;17800;PEARLS;9995;23;;;;;10005;23;;;;;10000.0;215.0
-1;17900;PEARLS;9998;8;9996;1;9995;29;10004;1;10005;29;;;10001.0;215.0
-1;17900;BANANAS;4945;9;4944;29;;;4951;30;;;;;4948.0;280.75
-1;18000;PEARLS;9998;7;9996;2;9995;26;10004;2;10005;26;;;10001.0;215.0
-1;18000;BANANAS;4945;9;4944;26;;;4951;28;;;;;4948.0;279.5547
-1;18100;PEARLS;9995;21;;;;;10005;21;;;;;10000.0;215.0
-1;18100;BANANAS;4945;21;;;;;4952;21;;;;;4948.5;275.23438
-1;18200;BANANAS;4950;1;4945;24;;;4952;24;;;;;4951.0;274.26562
-1;18200;PEARLS;9996;1;9995;23;;;10004;1;10005;23;;;10000.0;215.0
-1;18300;PEARLS;9996;2;9995;27;;;10004;2;10005;27;;;10000.0;215.0
-1;18300;BANANAS;4944;29;;;;;4951;29;;;;;4947.5;289.5625
-1;18400;PEARLS;9996;1;9995;29;;;10004;1;10005;29;;;10000.0;215.0
-1;18400;BANANAS;4945;30;;;;;4951;1;4952;29;;;4948.0;279.83594
-1;18500;PEARLS;9998;3;9996;2;9995;30;10004;2;10005;30;;;10001.0;215.0
-1;18500;BANANAS;4946;3;4945;32;;;4951;2;4952;30;;;4948.5;280.0078
-1;18600;BANANAS;4945;31;;;;;4950;10;4951;1;4952;30;4947.5;278.1953
-1;18600;PEARLS;9996;1;9995;30;;;10002;9;10004;1;10005;30;9999.0;215.0
-1;18700;BANANAS;4945;27;;;;;4951;2;4952;25;;;4948.0;280.28125
-1;18700;PEARLS;10002;9;9996;2;9995;25;10004;2;10005;25;;;10003.0;215.0
-1;18800;PEARLS;9996;2;9995;22;;;10004;2;10005;22;;;10000.0;221.0
-1;18800;BANANAS;4945;24;;;;;4952;24;;;;;4948.5;274.64062
-1;18900;BANANAS;4945;28;;;;;4952;28;;;;;4948.5;270.52344
-1;18900;PEARLS;9996;1;9995;27;;;10004;1;10005;27;;;10000.0;221.0
-1;19000;BANANAS;4945;24;;;;;4950;7;4952;25;;;4947.5;281.22656
-1;19000;PEARLS;9995;25;;;;;10002;7;10005;25;;;9998.5;221.0
-1;19100;PEARLS;9996;1;9995;28;;;10000;5;10004;1;10005;28;9998.0;221.0
-1;19100;BANANAS;4945;29;;;;;4951;1;4952;28;;;4948.0;283.23438
-1;19200;PEARLS;9996;1;9995;28;;;10002;7;10004;1;10005;28;9999.0;221.0
-1;19200;BANANAS;4945;29;;;;;4950;7;4952;29;;;4947.5;278.66406
-1;19300;PEARLS;9996;2;9995;30;;;10004;2;10005;30;;;10000.0;221.0
-1;19300;BANANAS;4945;32;;;;;4952;32;;;;;4948.5;273.96094
-1;19400;BANANAS;4946;21;;;;;4951;3;4952;1;4953;20;4948.5;265.375
-1;19400;PEARLS;9996;1;9995;20;;;10002;3;10004;1;10005;20;9999.0;221.0
-1;19500;PEARLS;9996;2;9995;20;;;10004;2;10005;20;;;10000.0;221.0
-1;19500;BANANAS;4946;22;;;;;4952;2;4953;20;;;4949.0;266.98438
-1;19600;PEARLS;9996;2;9995;29;;;10004;2;10005;29;;;10000.0;221.0
-1;19600;BANANAS;4946;31;;;;;4952;2;4953;29;;;4949.0;264.77344
-1;19700;PEARLS;9996;1;9995;24;;;10002;2;10004;1;10005;24;9999.0;221.0
-1;19700;BANANAS;4946;25;;;;;4951;2;4952;1;4953;24;4948.5;265.125
-1;19800;BANANAS;4946;20;;;;;4953;20;;;;;4949.5;263.65625
-1;19800;PEARLS;10002;4;9995;20;;;10005;20;;;;;10003.5;221.0
-1;19900;PEARLS;9996;1;9995;27;;;10004;1;10005;27;;;10000.0;221.0
-1;19900;BANANAS;4946;28;;;;;4952;1;4953;27;;;4949.0;266.28906
-1;20000;PEARLS;9996;1;9995;28;;;10002;4;10004;1;10005;28;9999.0;221.0
-1;20000;BANANAS;4946;29;;;;;4951;4;4953;29;;;4948.5;259.10938
-1;20100;PEARLS;9998;9;9996;2;9995;29;10004;2;10005;29;;;10001.0;221.0
-1;20100;BANANAS;4947;10;4946;31;;;4952;2;4953;29;;;4949.5;265.54688
-1;20200;BANANAS;4946;29;;;;;4953;29;;;;;4949.5;264.07812
-1;20200;PEARLS;9995;29;;;;;10005;29;;;;;10000.0;221.0
-1;20300;BANANAS;4946;2;4945;21;;;4952;23;;;;;4949.0;270.5625
-1;20300;PEARLS;9996;2;9995;21;;;10004;2;10005;21;;;10000.0;221.0
-1;20400;PEARLS;9995;24;;;;;10005;24;;;;;10000.0;221.0
-1;20400;BANANAS;4946;24;;;;;4953;24;;;;;4949.5;297.34375
-1;20500;BANANAS;4946;30;;;;;4953;30;;;;;4949.5;296.83203
-1;20500;PEARLS;9995;30;;;;;10005;30;;;;;10000.0;221.0
-1;20600;BANANAS;4947;23;;;;;4953;2;4954;21;;;4950.0;289.6328
-1;20600;PEARLS;9996;2;9995;21;;;10004;2;10005;21;;;10000.0;221.0
-1;20700;BANANAS;4947;31;;;;;4948;1;4951;6;4953;31;4947.5;293.0
-1;20700;PEARLS;9996;1;9995;30;;;10002;6;10004;1;10005;30;9999.0;221.0
-1;20800;PEARLS;9996;2;9995;23;;;10004;2;10005;23;;;10000.0;221.0
-1;20800;BANANAS;4953;1;4948;2;4947;23;4954;25;;;;;4953.5;289.10938
-1;20900;BANANAS;4947;24;;;;;4954;24;;;;;4950.5;292.2461
-1;20900;PEARLS;9996;1;9995;23;;;10004;1;10005;23;;;10000.0;221.0
-1;21000;BANANAS;4948;27;;;;;4949;3;4955;27;;;4948.5;289.64062
-1;21000;PEARLS;9995;27;;;;;10005;27;;;;;10000.0;221.0
-1;21100;BANANAS;4949;1;4948;30;;;4955;30;;;;;4952.0;294.41016
-1;21100;PEARLS;9998;1;9996;2;9995;28;10004;2;10005;28;;;10001.0;221.0
-1;21200;PEARLS;9995;23;;;;;10005;23;;;;;10000.0;225.0
-1;21200;BANANAS;4947;23;;;;;4954;23;;;;;4950.5;300.36523
-1;21300;BANANAS;4947;29;;;;;4948;1;4954;29;;;4947.5;300.13477
-1;21300;PEARLS;9995;29;;;;;10005;29;;;;;10000.0;225.0
-1;21400;BANANAS;4948;30;;;;;4955;30;;;;;4951.5;302.22754
-1;21400;PEARLS;9995;30;;;;;10005;30;;;;;10000.0;225.0
-1;21500;BANANAS;4952;4;4948;2;4947;22;4954;24;;;;;4953.0;303.11816
-1;21500;PEARLS;9996;2;9995;22;;;10004;2;10005;22;;;10000.0;225.0
-1;21600;PEARLS;10002;1;9995;29;;;10005;29;;;;;10003.5;225.0
-1;21600;BANANAS;4951;2;4948;29;;;4955;29;;;;;4953.0;304.12305
-1;21700;BANANAS;4948;1;4947;30;;;4952;10;4954;31;;;4950.0;307.51172
-1;21700;PEARLS;9996;1;9995;30;;;10002;10;10004;1;10005;30;9999.0;227.0
-1;21800;BANANAS;4949;5;4948;29;;;4954;1;4955;28;;;4951.5;306.32812
-1;21800;PEARLS;9998;6;9996;1;9995;28;10004;1;10005;28;;;10001.0;227.0
-1;21900;BANANAS;4948;2;4947;28;;;4954;30;;;;;4951.0;308.2129
-1;21900;PEARLS;9996;2;9995;28;;;10004;2;10005;28;;;10000.0;227.0
-1;22000;PEARLS;9996;1;9995;23;;;10000;2;10004;1;10005;23;9998.0;229.0
-1;22000;BANANAS;4947;24;;;;;4948;1;4954;24;;;4947.5;312.52148
-1;22100;BANANAS;4948;1;4947;23;;;4954;25;;;;;4951.0;313.76953
-1;22100;PEARLS;9996;2;9995;23;;;10004;2;10005;23;;;10000.0;229.0
-1;22200;BANANAS;4948;28;;;;;4953;4;4954;1;4955;27;4950.5;315.4756
-1;22200;PEARLS;9996;1;9995;27;;;10002;4;10004;1;10005;27;9999.0;231.0
-1;22300;BANANAS;4948;30;;;;;4955;30;;;;;4951.5;314.6914
-1;22300;PEARLS;9996;1;9995;29;;;10004;1;10005;29;;;10000.0;231.0
-1;22400;PEARLS;10002;2;9996;2;9995;24;10004;2;10005;24;;;10003.0;231.0
-1;22400;BANANAS;4948;26;;;;;4955;26;;;;;4951.5;315.06055
-1;22500;BANANAS;4948;27;;;;;4955;27;;;;;4951.5;314.4746
-1;22500;PEARLS;10002;6;9995;27;;;10005;27;;;;;10003.5;235.0
-1;22600;BANANAS;4948;27;;;;;4953;9;4955;27;;;4950.5;314.6504
-1;22600;PEARLS;9996;1;9995;26;;;10002;9;10004;1;10005;26;9999.0;237.0
-1;22700;BANANAS;4948;28;;;;;4955;28;;;;;4951.5;313.51855
-1;22700;PEARLS;9995;28;;;;;10005;28;;;;;10000.0;237.0
-1;22800;PEARLS;9996;1;9995;29;;;9998;3;10004;1;10005;29;9997.0;237.0
-1;22800;BANANAS;4948;30;;;;;4954;1;4955;29;;;4951.0;315.67578
-1;22900;BANANAS;4948;26;;;;;4954;2;4955;24;;;4951.0;315.41016
-1;22900;PEARLS;9996;2;9995;24;;;9998;1;10004;2;10005;24;9997.0;243.0
-1;23000;BANANAS;4949;3;4948;26;;;4955;26;;;;;4952.0;313.9746
-1;23000;PEARLS;9998;3;9996;2;9995;24;10004;2;10005;24;;;10001.0;245.0
-1;23100;BANANAS;4948;24;;;;;4953;10;4955;24;;;4950.5;314.41602
-1;23100;PEARLS;9996;1;9995;23;;;10002;10;10004;1;10005;23;9999.0;245.0
-1;23200;BANANAS;4948;26;;;;;4953;10;4955;26;;;4950.5;314.97168
-1;23200;PEARLS;9995;26;;;;;9998;1;10002;10;10005;26;9996.5;245.0
-1;23300;PEARLS;9995;22;;;;;10005;22;;;;;10000.0;247.0
-1;23300;BANANAS;4947;22;;;;;4954;22;;;;;4950.5;343.45703
-1;23400;BANANAS;4949;6;4948;21;;;4954;21;;;;;4951.5;343.78516
-1;23400;PEARLS;9998;6;9995;21;;;10005;21;;;;;10001.5;247.0
-1;23500;BANANAS;4950;2;4948;2;4947;26;4954;28;;;;;4952.0;342.32812
-1;23500;PEARLS;9996;2;9995;26;;;10004;2;10005;26;;;10000.0;247.0
-1;23600;PEARLS;9995;21;;;;;10002;6;10005;21;;;9998.5;247.0
-1;23600;BANANAS;4952;3;4948;21;;;4953;6;4955;21;;;4952.5;345.73438
-1;23700;PEARLS;9995;24;;;;;10005;24;;;;;10000.0;247.0
-1;23700;BANANAS;4947;24;;;;;4954;24;;;;;4950.5;340.79297
-1;23800;PEARLS;9996;2;9995;21;;;10004;2;10005;21;;;10000.0;247.0
-1;23800;BANANAS;4948;2;4947;21;;;4954;23;;;;;4951.0;342.10938
-1;23900;BANANAS;4953;1;4947;20;;;4954;20;;;;;4953.5;339.35938
-1;23900;PEARLS;9995;20;;;;;10005;20;;;;;10000.0;247.0
-1;24000;PEARLS;9996;1;9995;22;;;10002;6;10004;1;10005;22;9999.0;247.0
-1;24000;BANANAS;4947;23;;;;;4951;6;4953;23;;;4949.0;335.98047
-1;24100;PEARLS;9996;2;9995;24;;;10004;2;10005;24;;;10000.0;247.0
-1;24100;BANANAS;4946;26;;;;;4953;26;;;;;4949.5;331.6836
-1;24200;PEARLS;9998;4;9996;2;9995;25;10004;2;10005;25;;;10001.0;247.0
-1;24200;BANANAS;4951;1;4946;7;4945;25;4952;27;;;;;4951.5;324.47266
-1;24300;BANANAS;4945;2;4944;21;;;4951;23;;;;;4948.0;318.19922
-1;24300;PEARLS;10002;6;9996;2;9995;21;10004;2;10005;21;;;10003.0;247.0
-1;24400;PEARLS;9995;25;;;;;10005;25;;;;;10000.0;257.0
-1;24400;BANANAS;4944;25;;;;;4951;25;;;;;4947.5;315.4922
-1;24500;PEARLS;9995;21;;;;;9998;2;10002;7;10005;21;9996.5;257.0
-1;24500;BANANAS;4949;4;4945;21;;;4950;7;4952;21;;;4949.5;322.90234
-1;24600;PEARLS;9996;1;9995;26;;;10004;1;10005;26;;;10000.0;261.0
-1;24600;BANANAS;4945;27;;;;;4951;1;4952;26;;;4948.0;319.98828
-1;24700;PEARLS;9996;2;9995;20;;;10004;2;10005;20;;;10000.0;261.0
-1;24700;BANANAS;4945;22;;;;;4951;2;4952;20;;;4948.0;320.8672
-1;24800;BANANAS;4945;28;;;;;4951;28;;;;;4948.0;321.17188
-1;24800;PEARLS;9996;2;9995;26;;;10004;2;10005;26;;;10000.0;262.0
-1;24900;PEARLS;9998;5;9996;2;9995;28;10004;2;10005;28;;;10001.0;262.0
-1;24900;BANANAS;4945;5;4944;30;;;4951;30;;;;;4948.0;317.20703
-1;25000;PEARLS;9996;1;9995;26;;;10002;1;10004;1;10005;26;9999.0;262.0
-1;25000;BANANAS;4944;27;;;;;4949;1;4951;27;;;4946.5;318.1289
-1;25100;PEARLS;9995;23;;;;;10005;23;;;;;10000.0;262.0
-1;25100;BANANAS;4946;6;4944;23;;;4950;23;;;;;4948.0;312.95312
-1;25200;BANANAS;4944;25;;;;;4951;26;;;;;4947.5;316.23438
-1;25200;PEARLS;9996;2;9995;24;;;10004;2;10005;24;;;10000.0;263.0
-1;25300;PEARLS;9996;2;9995;24;;;10002;1;10004;2;10005;24;9999.0;263.0
-1;25300;BANANAS;4944;26;;;;;4948;1;4950;26;;;4946.0;313.07422
-1;25400;PEARLS;9998;2;9996;2;9995;30;10004;2;10005;30;;;10001.0;265.0
-1;25400;BANANAS;4945;2;4944;32;;;4951;32;;;;;4948.0;321.01562
-1;25500;PEARLS;9998;3;9996;2;9995;23;10004;2;10005;23;;;10001.0;266.0
-1;25500;BANANAS;4946;3;4945;25;;;4951;25;;;;;4948.5;325.0586
-1;25600;BANANAS;4950;1;4945;31;;;4951;1;4952;30;;;4950.5;325.8125
-1;25600;PEARLS;9996;1;9995;30;;;10004;1;10005;30;;;10000.0;266.0
-1;25700;PEARLS;9996;1;9995;22;;;10004;1;10005;22;;;10000.0;266.0
-1;25700;BANANAS;4945;23;;;;;4951;1;4952;22;;;4948.0;327.36328
-1;25800;PEARLS;9996;1;9995;27;;;10004;1;10005;27;;;10000.0;266.0
-1;25800;BANANAS;4945;1;4944;27;;;4951;28;;;;;4948.0;326.52344
-1;25900;PEARLS;9995;28;;;;;10005;28;;;;;10000.0;266.0
-1;25900;BANANAS;4944;28;;;;;4951;28;;;;;4947.5;325.9453
-1;26000;BANANAS;4945;24;;;;;4949;7;4951;24;;;4947.0;326.8047
-1;26000;PEARLS;9995;24;;;;;10002;7;10005;24;;;9998.5;266.0
-1;26100;PEARLS;9995;25;;;;;10002;7;10005;25;;;9998.5;266.0
-1;26100;BANANAS;4945;25;;;;;4950;7;4952;25;;;4947.5;328.40234
-1;26200;PEARLS;9996;1;9995;25;;;10004;1;10005;25;;;10000.0;266.0
-1;26200;BANANAS;4945;26;;;;;4952;26;;;;;4948.5;328.97266
-1;26300;PEARLS;9995;24;;;;;10005;24;;;;;10000.0;266.0
-1;26300;BANANAS;4945;24;;;;;4952;24;;;;;4948.5;327.96094
-1;26400;BANANAS;4945;28;;;;;4952;29;;;;;4948.5;328.78125
-1;26400;PEARLS;10002;3;9995;29;;;10005;29;;;;;10003.5;266.0
-1;26500;PEARLS;9996;1;9995;23;;;10002;4;10004;1;10005;23;9999.0;266.0
-1;26500;BANANAS;4945;24;;;;;4949;3;4951;24;;;4947.0;327.0
-1;26600;PEARLS;10002;3;9998;1;9996;1;10004;1;10005;21;;;10003.0;266.0
-1;26600;BANANAS;4946;1;4945;22;;;4952;22;;;;;4949.0;331.1875
-1;26700;PEARLS;9995;24;;;;;10000;6;10005;24;;;9997.5;266.0
-1;26700;BANANAS;4945;24;;;;;4952;24;;;;;4948.5;329.90625
-1;26800;BANANAS;4945;24;;;;;4952;24;;;;;4948.5;331.56055
-1;26800;PEARLS;9995;24;;;;;10005;24;;;;;10000.0;266.0
-1;26900;PEARLS;9995;27;;;;;9998;1;10002;5;10005;27;9996.5;266.0
-1;26900;BANANAS;4945;27;;;;;4950;5;4952;27;;;4947.5;330.4375
-1;27000;PEARLS;9996;1;9995;30;;;10002;7;10004;1;10005;30;9999.0;268.0
-1;27000;BANANAS;4945;31;;;;;4950;7;4952;31;;;4947.5;331.48828
-1;27100;PEARLS;9996;2;9995;22;;;10002;7;10004;2;10005;22;9999.0;268.0
-1;27100;BANANAS;4945;24;;;;;4950;7;4952;24;;;4947.5;331.70508
-1;27200;BANANAS;4950;3;4946;2;4945;31;4952;31;;;;;4951.0;332.37695
-1;27200;PEARLS;9998;2;9996;2;9995;29;10004;2;10005;29;;;10001.0;268.0
-1;27300;PEARLS;10000;5;9996;2;9995;25;10004;2;10005;25;;;10002.0;268.0
-1;27300;BANANAS;4946;27;;;;;4952;2;4953;25;;;4949.0;337.1914
-1;27400;PEARLS;9996;1;9995;24;;;10004;1;10005;24;;;10000.0;268.0
-1;27400;BANANAS;4946;25;;;;;4952;25;;;;;4949.0;336.97754
-1;27500;BANANAS;4945;26;;;;;4947;1;4950;10;4952;26;4946.0;336.4004
-1;27500;PEARLS;9996;2;9995;24;;;10002;10;10004;2;10005;24;9999.0;269.0
-1;27600;BANANAS;4945;23;;;;;4952;23;;;;;4948.5;336.37012
-1;27600;PEARLS;9996;1;9995;22;;;9998;1;10004;1;10005;22;9997.0;269.0
-1;27700;BANANAS;4946;26;;;;;4952;2;4953;24;;;4949.0;337.29004
-1;27700;PEARLS;9996;2;9995;24;;;10004;2;10005;24;;;10000.0;271.0
-1;27800;PEARLS;9995;28;;;;;10005;28;;;;;10000.0;283.0
-1;27800;BANANAS;4947;28;;;;;4953;28;;;;;4950.0;342.00537
-1;27900;PEARLS;9996;1;9995;25;;;9998;4;10004;1;10005;25;9997.0;283.0
-1;27900;BANANAS;4947;1;4946;25;;;4953;26;;;;;4950.0;342.1787
-1;28000;BANANAS;4946;24;;;;;4951;9;4953;24;;;4948.5;342.94727
-1;28000;PEARLS;9995;24;;;;;10002;9;10005;24;;;9998.5;291.0
-1;28100;PEARLS;9995;22;;;;;10005;22;;;;;10000.0;293.0
-1;28100;BANANAS;4945;22;;;;;4952;22;;;;;4948.5;345.5664
-1;28200;PEARLS;9996;1;9995;29;;;10004;1;10005;29;;;10000.0;295.0
-1;28200;BANANAS;4946;30;;;;;4952;1;4953;29;;;4949.0;347.87988
-1;28300;PEARLS;9996;1;9995;23;;;10002;7;10004;1;10005;23;9999.0;295.0
-1;28300;BANANAS;4946;24;;;;;4951;7;4953;24;;;4948.5;347.60986
-1;28400;BANANAS;4947;21;;;;;4951;9;4953;21;;;4949.0;347.00244
-1;28400;PEARLS;9995;21;;;;;10002;9;10005;21;;;9998.5;295.0
-1;28500;PEARLS;9996;1;9995;30;;;10004;1;10005;30;;;10000.0;295.0
-1;28500;BANANAS;4952;1;4947;31;;;4954;31;;;;;4953.0;346.6328
-1;28600;PEARLS;9998;7;9996;2;9995;29;10004;2;10005;29;;;10001.0;295.0
-1;28600;BANANAS;4949;6;4948;31;;;4954;2;4955;29;;;4951.5;346.7461
-1;28700;PEARLS;9996;1;9995;24;;;10004;1;10005;24;;;10000.0;295.0
-1;28700;BANANAS;4948;25;;;;;4955;25;;;;;4951.5;345.83887
-1;28800;BANANAS;4949;2;4948;20;;;4955;22;;;;;4952.0;345.29102
-1;28800;PEARLS;9996;2;9995;20;;;10004;2;10005;20;;;10000.0;311.0
-1;28900;PEARLS;9995;22;;;;;10005;22;;;;;10000.0;311.0
-1;28900;BANANAS;4949;22;;;;;4956;22;;;;;4952.5;343.6504
-1;29000;PEARLS;9995;24;;;;;10005;24;;;;;10000.0;311.0
-1;29000;BANANAS;4949;24;;;;;4956;24;;;;;4952.5;343.25977
-1;29100;BANANAS;4951;9;4950;31;;;4956;31;;;;;4953.5;344.02148
-1;29100;PEARLS;9998;9;9996;2;9995;29;10004;2;10005;29;;;10001.0;312.0
-1;29200;BANANAS;4950;20;;;;;4955;4;4957;20;;;4952.5;342.60742
-1;29200;PEARLS;9995;20;;;;;10002;3;10005;20;;;9998.5;312.0
-1;29300;BANANAS;4950;24;;;;;4956;25;;;;;4953.0;344.0293
-1;29300;PEARLS;9995;25;;;;;10005;25;;;;;10000.0;312.0
-1;29400;PEARLS;9996;1;9995;23;;;10004;1;10005;23;;;10000.0;312.0
-1;29400;BANANAS;4954;4;4950;1;4949;23;4956;24;;;;;4955.0;344.625
-1;29500;BANANAS;4949;24;;;;;4956;24;;;;;4952.5;350.85156
-1;29500;PEARLS;10002;1;9996;2;9995;22;10004;2;10005;22;;;10003.0;312.0
-1;29600;BANANAS;4949;20;;;;;4956;20;;;;;4952.5;349.71094
-1;29600;PEARLS;9995;20;;;;;9998;1;10005;20;;;9996.5;314.0
-1;29700;BANANAS;4950;1;4949;26;;;4956;27;;;;;4953.0;348.90234
-1;29700;PEARLS;9996;1;9995;26;;;10004;1;10005;26;;;10000.0;316.0
-1;29800;PEARLS;9998;7;9996;1;9995;29;10004;1;10005;29;;;10001.0;316.0
-1;29800;BANANAS;4950;7;4949;30;;;4956;30;;;;;4953.0;353.01172
-1;29900;BANANAS;4950;9;4949;26;;;4956;27;;;;;4953.0;349.375
-1;29900;PEARLS;9998;8;9996;1;9995;26;10000;2;10004;1;10005;26;9999.0;316.0
-1;30000;BANANAS;4950;21;;;;;4955;6;4956;1;4957;20;4952.5;347.5664
-1;30000;PEARLS;9996;1;9995;20;;;10002;7;10004;1;10005;20;9999.0;316.0
-1;30100;BANANAS;4949;22;;;;;4956;22;;;;;4952.5;354.3086
-1;30100;PEARLS;9995;22;;;;;10000;5;10005;22;;;9997.5;316.0
-1;30200;PEARLS;9996;2;9995;22;;;10004;2;10005;22;;;10000.0;316.0
-1;30200;BANANAS;4949;24;;;;;4952;2;4956;24;;;4950.5;352.76562
-1;30300;BANANAS;4949;2;4948;28;;;4953;7;4955;30;;;4951.0;355.41016
-1;30300;PEARLS;9996;2;9995;28;;;10002;7;10004;2;10005;28;9999.0;316.0
-1;30400;BANANAS;4948;23;;;;;4955;23;;;;;4951.5;358.79297
-1;30400;PEARLS;9996;2;9995;21;;;10004;2;10005;21;;;10000.0;316.0
-1;30500;BANANAS;4948;29;;;;;4954;1;4955;28;;;4951.0;361.51172
-1;30500;PEARLS;9996;1;9995;28;;;10004;1;10005;28;;;10000.0;316.0
-1;30600;PEARLS;9995;30;;;;;10005;30;;;;;10000.0;316.0
-1;30600;BANANAS;4948;30;;;;;4955;30;;;;;4951.5;355.96094
-1;30700;BANANAS;4953;3;4948;23;;;4955;23;;;;;4954.0;360.73828
-1;30700;PEARLS;9996;1;9995;22;;;10004;1;10005;22;;;10000.0;316.0
-1;30800;BANANAS;4948;29;;;;;4955;29;;;;;4951.5;361.32812
-1;30800;PEARLS;9995;29;;;;;10005;29;;;;;10000.0;316.0
-1;30900;BANANAS;4950;2;4949;23;;;4955;23;;;;;4952.5;359.89844
-1;30900;PEARLS;9998;2;9995;23;;;10005;23;;;;;10001.5;316.0
-1;31000;PEARLS;9995;20;;;;;10005;20;;;;;10000.0;316.0
-1;31000;BANANAS;4950;20;;;;;4956;20;;;;;4953.0;348.20312
-1;31100;BANANAS;4950;22;;;;;4956;1;4957;21;;;4953.0;346.45312
-1;31100;PEARLS;9996;1;9995;21;;;10004;1;10005;21;;;10000.0;316.0
-1;31200;BANANAS;4950;1;4949;27;;;4956;29;;;;;4953.0;349.04297
-1;31200;PEARLS;9996;2;9995;27;;;10004;2;10005;27;;;10000.0;316.0
-1;31300;BANANAS;4950;30;;;;;4957;30;;;;;4953.5;344.32812
-1;31300;PEARLS;9995;30;;;;;10005;30;;;;;10000.0;316.0
-1;31400;PEARLS;9996;2;9995;30;;;10004;2;10005;30;;;10000.0;316.0
-1;31400;BANANAS;4951;2;4950;30;;;4957;32;;;;;4954.0;336.58594
-1;31500;BANANAS;4951;22;;;;;4958;23;;;;;4954.5;335.625
-1;31500;PEARLS;9995;23;;;;;10005;23;;;;;10000.0;316.0
-1;31600;BANANAS;4952;2;4951;32;;;4958;32;;;;;4955.0;330.6328
-1;31600;PEARLS;9998;2;9996;2;9995;30;10004;2;10005;30;;;10001.0;316.0
-1;31700;BANANAS;4951;29;;;;;4956;2;4958;29;;;4953.5;334.875
-1;31700;PEARLS;9995;29;;;;;9998;4;10002;2;10005;29;9996.5;316.0
-1;31800;PEARLS;9995;21;;;;;10005;21;;;;;10000.0;325.0
-1;31800;BANANAS;4950;21;;;;;4957;21;;;;;4953.5;343.2422
-1;31900;BANANAS;4952;9;4951;29;;;4957;2;4958;27;;;4954.5;337.59375
-1;31900;PEARLS;9998;9;9996;2;9995;27;10004;2;10005;27;;;10001.0;325.0
-1;32000;BANANAS;4951;30;;;;;4957;1;4958;29;;;4954.0;337.5547
-1;32000;PEARLS;9996;1;9995;29;;;10000;3;10004;1;10005;29;9998.0;325.0
-1;32100;BANANAS;4951;31;;;;;4957;1;4958;30;;;4954.0;334.48438
-1;32100;PEARLS;9996;1;9995;30;;;10004;1;10005;30;;;10000.0;325.0
-1;32200;BANANAS;4951;26;;;;;4956;6;4957;1;4958;25;4953.5;337.1797
-1;32200;PEARLS;9996;1;9995;25;;;10002;7;10004;1;10005;25;9999.0;325.0
-1;32300;PEARLS;9996;1;9995;25;;;10002;6;10004;1;10005;25;9999.0;325.0
-1;32300;BANANAS;4950;26;;;;;4955;7;4957;26;;;4952.5;341.8086
-1;32400;PEARLS;9996;2;9995;27;;;10002;1;10004;2;10005;27;9999.0;325.0
-1;32400;BANANAS;4950;29;;;;;4951;1;4955;1;4957;29;4950.5;343.96094
-1;32500;BANANAS;4955;1;4950;25;;;4957;25;;;;;4956.0;348.64062
-1;32500;PEARLS;9996;2;9995;23;;;10004;2;10005;23;;;10000.0;325.0
-1;32600;PEARLS;9995;30;;;;;10005;30;;;;;10000.0;325.0
-1;32600;BANANAS;4950;30;;;;;4957;30;;;;;4953.5;351.78906
-1;32700;PEARLS;10002;1;9996;1;9995;26;10004;1;10005;26;;;10003.0;325.0
-1;32700;BANANAS;4950;27;;;;;4956;1;4957;26;;;4953.0;353.90625
-1;32800;PEARLS;9995;23;;;;;10005;23;;;;;10000.0;339.0
-1;32800;BANANAS;4949;23;;;;;4956;23;;;;;4952.5;357.60156
-1;32900;BANANAS;4950;24;;;;;4954;1;4956;24;;;4952.0;355.1914
-1;32900;PEARLS;9996;1;9995;23;;;10002;1;10004;1;10005;23;9999.0;339.0
-1;33000;PEARLS;10002;1;9996;1;9995;27;10004;1;10005;27;;;10003.0;339.0
-1;33000;BANANAS;4949;28;;;;;4956;28;;;;;4952.5;359.90625
-1;33100;PEARLS;9995;24;;;;;10005;24;;;;;10000.0;341.0
-1;33100;BANANAS;4948;24;;;;;4955;24;;;;;4951.5;373.03906
-1;33200;PEARLS;9995;25;;;;;10002;9;10005;25;;;9998.5;341.0
-1;33200;BANANAS;4948;25;;;;;4953;9;4955;25;;;4950.5;372.58984
-1;33300;BANANAS;4949;26;;;;;4954;7;4955;2;4956;24;4951.5;366.0
-1;33300;PEARLS;9996;2;9995;24;;;10002;7;10004;2;10005;24;9999.0;341.0
-1;33400;PEARLS;9995;27;;;;;10005;27;;;;;10000.0;341.0
-1;33400;BANANAS;4949;27;;;;;4956;27;;;;;4952.5;361.20312
-1;33500;PEARLS;9998;10;9995;25;;;10005;25;;;;;10001.5;341.0
-1;33500;BANANAS;4950;10;4949;25;;;4956;25;;;;;4953.0;357.33594
-1;33600;PEARLS;9995;27;;;;;10005;27;;;;;10000.0;341.0
-1;33600;BANANAS;4949;27;;;;;4950;1;4956;27;;;4949.5;359.83203
-1;33700;PEARLS;9998;7;9996;1;9995;22;10004;1;10005;22;;;10001.0;341.0
-1;33700;BANANAS;4950;1;4949;23;;;4955;1;4956;22;;;4952.5;367.45703
-1;33800;BANANAS;4948;26;;;;;4955;26;;;;;4951.5;374.76562
-1;33800;PEARLS;10002;1;9995;26;;;10005;26;;;;;10003.5;341.0
-1;33900;PEARLS;9995;24;;;;;10005;24;;;;;10000.0;343.0
-1;33900;BANANAS;4948;24;;;;;4955;24;;;;;4951.5;374.96875
-1;34000;PEARLS;10002;1;9996;1;9995;24;10004;1;10005;24;;;10003.0;345.0
-1;34000;BANANAS;4953;1;4948;25;;;4955;25;;;;;4954.0;378.64844
-1;34100;PEARLS;9996;1;9995;26;;;10004;1;10005;26;;;10000.0;347.0
-1;34100;BANANAS;4948;26;;;;;4949;7;4955;27;;;4948.5;374.5078
-1;34200;BANANAS;4949;27;;;;;4956;27;;;;;4952.5;390.1875
-1;34200;PEARLS;9996;1;9995;26;;;10004;1;10005;26;;;10000.0;347.0
-1;34300;PEARLS;9996;2;9995;20;;;10004;2;10005;20;;;10000.0;357.0
-1;34300;BANANAS;4949;21;;;;;4955;22;;;;;4952.0;398.16992
-1;34400;PEARLS;9996;2;9995;23;;;10004;2;10005;23;;;10000.0;357.0
-1;34400;BANANAS;4949;1;4948;23;;;4955;25;;;;;4952.0;399.0078
-1;34500;PEARLS;9995;25;;;;;10002;2;10005;25;;;9998.5;357.0
-1;34500;BANANAS;4948;25;;;;;4953;2;4955;25;;;4950.5;400.80078
-1;34600;BANANAS;4948;22;;;;;4955;22;;;;;4951.5;399.92773
-1;34600;PEARLS;9995;22;;;;;10005;22;;;;;10000.0;357.0
-1;34700;PEARLS;9995;29;;;;;9998;5;10005;29;;;9996.5;357.0
-1;34700;BANANAS;4948;29;;;;;4955;29;;;;;4951.5;398.86328
-1;34800;PEARLS;10002;1;10000;2;9995;24;10005;24;;;;;10003.5;367.0
-1;34800;BANANAS;4948;24;;;;;4951;6;4955;24;;;4949.5;399.27148
-1;34900;PEARLS;9996;2;9995;22;;;10004;2;10005;22;;;10000.0;369.0
-1;34900;BANANAS;4949;23;;;;;4955;2;4956;22;;;4952.0;397.60547
-1;35000;BANANAS;4949;2;4948;20;;;4953;10;4955;22;;;4951.0;402.88867
-1;35000;PEARLS;9996;2;9995;20;;;10002;10;10004;2;10005;20;9999.0;369.0
-1;35100;PEARLS;9996;1;9995;25;;;10004;1;10005;25;;;10000.0;369.0
-1;35100;BANANAS;4949;26;;;;;4956;26;;;;;4952.5;400.60938
-1;35200;PEARLS;9995;24;;;;;10005;24;;;;;10000.0;369.0
-1;35200;BANANAS;4949;24;;;;;4950;1;4956;24;;;4949.5;399.12695
-1;35300;PEARLS;9998;9;9995;24;;;10005;24;;;;;10001.5;369.0
-1;35300;BANANAS;4951;9;4950;24;;;4957;24;;;;;4954.0;400.38477
-1;35400;BANANAS;4950;22;;;;;4957;22;;;;;4953.5;398.96973
-1;35400;PEARLS;9995;22;;;;;10005;22;;;;;10000.0;369.0
-1;35500;PEARLS;10002;5;9995;25;;;10005;25;;;;;10003.5;369.0
-1;35500;BANANAS;4950;25;;;;;4951;1;4957;25;;;4950.5;398.94043
-1;35600;PEARLS;9998;10;9996;1;9995;26;10004;1;10005;26;;;10001.0;379.0
-1;35600;BANANAS;4950;10;4949;26;;;4956;27;;;;;4953.0;403.40723
-1;35700;PEARLS;10002;1;9996;1;9995;26;10004;1;10005;26;;;10003.0;379.0
-1;35700;BANANAS;4950;27;;;;;4955;1;4957;27;;;4952.5;401.63086
-1;35800;BANANAS;4950;30;;;;;4956;2;4957;28;;;4953.0;402.65332
-1;35800;PEARLS;9996;2;9995;28;;;10004;2;10005;28;;;10000.0;395.0
-1;35900;PEARLS;9996;1;9995;29;;;10002;3;10004;1;10005;29;9999.0;395.0
-1;35900;BANANAS;4950;1;4949;29;;;4951;4;4954;3;4956;30;4950.5;403.08203
-1;36000;PEARLS;9995;28;;;;;9998;1;10005;28;;;9996.5;395.0
-1;36000;BANANAS;4950;28;;;;;4957;28;;;;;4953.5;401.8545
-1;36100;PEARLS;9995;26;;;;;9998;4;10005;26;;;9996.5;397.0
-1;36100;BANANAS;4950;26;;;;;4957;26;;;;;4953.5;401.7207
-1;36200;BANANAS;4950;30;;;;;4955;3;4957;30;;;4952.5;401.59277
-1;36200;PEARLS;9996;1;9995;29;;;10002;3;10004;1;10005;29;9999.0;405.0
-1;36300;PEARLS;9995;22;;;;;9998;1;10005;22;;;9996.5;405.0
-1;36300;BANANAS;4951;21;;;;;4958;22;;;;;4954.5;400.63574
-1;36400;PEARLS;9996;1;9995;27;;;10002;5;10004;1;10005;27;9999.0;407.0
-1;36400;BANANAS;4950;28;;;;;4955;5;4957;28;;;4952.5;402.1416
-1;36500;BANANAS;4951;1;4950;26;;;4955;10;4957;27;;;4953.0;401.51074
-1;36500;PEARLS;9996;1;9995;26;;;10002;10;10004;1;10005;26;9999.0;407.0
-1;36600;BANANAS;4951;1;4950;21;;;4957;21;;;;;4954.0;402.85352
-1;36600;PEARLS;10002;4;9998;1;9995;21;10005;21;;;;;10003.5;413.0
-1;36700;BANANAS;4954;11;4949;30;;;4956;30;;;;;4955.0;403.14648
-1;36700;PEARLS;10002;1;9995;30;;;10005;30;;;;;10003.5;421.0
-1;36800;PEARLS;10002;1;9996;1;9995;26;10004;1;10005;26;;;10003.0;425.0
-1;36800;BANANAS;4950;27;;;;;4953;2;4957;27;;;4951.5;411.03906
-1;36900;PEARLS;9996;2;9995;29;;;10002;3;10004;2;10005;29;9999.0;427.0
-1;36900;BANANAS;4950;31;;;;;4955;3;4957;31;;;4952.5;409.10156
-1;37000;BANANAS;4953;2;4951;4;4950;23;4957;23;;;;;4955.0;407.44922
-1;37000;PEARLS;9998;4;9995;23;;;10005;23;;;;;10001.5;427.0
-1;37100;PEARLS;9996;1;9995;23;;;10004;1;10005;23;;;10000.0;427.0
-1;37100;BANANAS;4955;1;4950;24;;;4957;24;;;;;4956.0;413.1914
-1;37200;PEARLS;9998;2;9995;22;;;10005;22;;;;;10001.5;427.0
-1;37200;BANANAS;4951;3;4950;22;;;4957;22;;;;;4954.0;413.73047
-1;37300;PEARLS;10002;5;9995;27;;;10005;27;;;;;10003.5;427.0
-1;37300;BANANAS;4950;27;;;;;4955;7;4957;27;;;4952.5;417.35547
-1;37400;BANANAS;4950;1;4949;22;;;4956;23;;;;;4953.0;420.7578
-1;37400;PEARLS;9996;1;9995;22;;;10004;1;10005;22;;;10000.0;437.0
-1;37500;PEARLS;10002;1;9998;2;9995;29;10005;29;;;;;10003.5;437.0
-1;37500;BANANAS;4955;1;4951;2;4950;29;4957;29;;;;;4956.0;414.8125
-1;37600;PEARLS;9996;2;9995;24;;;10004;2;10005;24;;;10000.0;439.0
-1;37600;BANANAS;4950;26;;;;;4957;26;;;;;4953.5;417.03125
-1;37700;PEARLS;9996;1;9995;28;;;10004;1;10005;28;;;10000.0;439.0
-1;37700;BANANAS;4955;1;4950;29;;;4957;29;;;;;4956.0;414.6875
-1;37800;BANANAS;4950;29;;;;;4957;29;;;;;4953.5;418.7578
-1;37800;PEARLS;9996;2;9995;27;;;10004;2;10005;27;;;10000.0;439.0
-1;37900;BANANAS;4950;29;;;;;4952;2;4957;29;;;4951.0;423.69922
-1;37900;PEARLS;9996;2;9995;27;;;10000;3;10004;2;10005;27;9998.0;439.0
-1;38000;PEARLS;9995;25;;;;;10002;5;10005;25;;;9998.5;439.0
-1;38000;BANANAS;4950;25;;;;;4954;5;4956;25;;;4952.0;430.79688
-1;38100;BANANAS;4949;28;;;;;4950;1;4956;28;;;4949.5;436.21875
-1;38100;PEARLS;9995;28;;;;;10005;28;;;;;10000.0;439.0
-1;38200;BANANAS;4950;5;4949;23;;;4956;23;;;;;4953.0;439.71875
-1;38200;PEARLS;9995;23;;;;;9998;2;10005;23;;;9996.5;439.0
-1;38300;BANANAS;4949;1;4948;26;;;4955;27;;;;;4952.0;446.125
-1;38300;PEARLS;9996;1;9995;26;;;10004;1;10005;26;;;10000.0;443.0
-1;38400;PEARLS;10002;1;9995;21;;;10005;21;;;;;10003.5;443.0
-1;38400;BANANAS;4948;21;;;;;4949;1;4955;21;;;4948.5;462.53516
-1;38500;BANANAS;4954;1;4949;25;;;4955;2;4956;23;;;4954.5;464.8828
-1;38500;PEARLS;10002;1;9996;2;9995;23;10004;2;10005;23;;;10003.0;445.0
-1;38600;BANANAS;4948;27;;;;;4955;27;;;;;4951.5;467.17773
-1;38600;PEARLS;10002;5;9995;27;;;10005;27;;;;;10003.5;447.0
-1;38700;BANANAS;4949;30;;;;;4955;1;4956;29;;;4952.0;466.6953
-1;38700;PEARLS;9996;1;9995;29;;;10004;1;10005;29;;;10000.0;457.0
-1;38800;PEARLS;9995;27;;;;;10005;27;;;;;10000.0;457.0
-1;38800;BANANAS;4949;27;;;;;4956;27;;;;;4952.5;466.60742
-1;38900;BANANAS;4950;26;;;;;4955;4;4956;1;4957;25;4952.5;462.85547
-1;38900;PEARLS;9996;1;9995;25;;;10004;1;10005;25;;;10000.0;457.0
-1;39000;BANANAS;4950;29;;;;;4957;29;;;;;4953.5;461.92383
-1;39000;PEARLS;9995;29;;;;;10005;29;;;;;10000.0;457.0
-1;39100;BANANAS;4949;30;;;;;4954;10;4956;30;;;4951.5;464.4414
-1;39100;PEARLS;9996;1;9995;29;;;10002;10;10004;1;10005;29;9999.0;457.0
-1;39200;PEARLS;9995;24;;;;;10005;24;;;;;10000.0;457.0
-1;39200;BANANAS;4955;1;4949;24;;;4956;24;;;;;4955.5;463.2832
-1;39300;BANANAS;4950;3;4949;27;;;4956;27;;;;;4953.0;468.35742
-1;39300;PEARLS;9998;3;9996;1;9995;26;10004;1;10005;26;;;10001.0;457.0
-1;39400;BANANAS;4950;2;4949;27;;;4956;29;;;;;4953.0;465.75195
-1;39400;PEARLS;9996;2;9995;27;;;10004;2;10005;27;;;10000.0;457.0
-1;39500;BANANAS;4950;22;;;;;4957;22;;;;;4953.5;463.10547
-1;39500;PEARLS;9996;2;9995;20;;;10004;2;10005;20;;;10000.0;458.0
-1;39600;PEARLS;9995;22;;;;;10005;22;;;;;10000.0;458.0
-1;39600;BANANAS;4949;22;;;;;4956;22;;;;;4952.5;466.81445
-1;39700;BANANAS;4949;20;;;;;4956;20;;;;;4952.5;467.07227
-1;39700;PEARLS;9995;20;;;;;10005;20;;;;;10000.0;460.0
-1;39800;BANANAS;4949;31;;;;;4954;3;4956;31;;;4951.5;470.01172
-1;39800;PEARLS;9996;1;9995;30;;;10002;3;10004;1;10005;30;9999.0;473.0
-1;39900;BANANAS;4950;1;4949;32;;;4956;32;;;;;4953.0;471.3711
-1;39900;PEARLS;9998;1;9996;2;9995;30;10004;2;10005;30;;;10001.0;473.0
-1;40000;PEARLS;9998;9;9996;1;9995;30;10004;1;10005;30;;;10001.0;473.0
-1;40000;BANANAS;4953;5;4950;9;4949;31;4955;1;4956;30;;;4954.0;473.5664
-1;40100;BANANAS;4949;27;;;;;4956;27;;;;;4952.5;475.54297
-1;40100;PEARLS;10002;1;9995;27;;;10005;27;;;;;10003.5;473.0
-1;40200;BANANAS;4949;23;;;;;4954;7;4956;23;;;4951.5;474.32812
-1;40200;PEARLS;9996;1;9995;22;;;10002;7;10004;1;10005;22;9999.0;475.0
-1;40300;BANANAS;4949;25;;;;;4955;1;4956;24;;;4952.0;477.95312
-1;40300;PEARLS;9996;1;9995;24;;;10000;4;10004;1;10005;24;9998.0;475.0
-1;40400;PEARLS;9996;1;9995;20;;;10002;10;10004;1;10005;20;9999.0;487.0
-1;40400;BANANAS;4948;21;;;;;4953;10;4954;1;4955;20;4950.5;489.53516
-1;40500;BANANAS;4948;24;;;;;4951;2;4955;24;;;4949.5;490.27344
-1;40500;PEARLS;9995;24;;;;;10005;24;;;;;10000.0;487.0
-1;40600;BANANAS;4948;2;4947;24;;;4954;26;;;;;4951.0;493.89453
-1;40600;PEARLS;9996;2;9995;24;;;9998;7;10004;2;10005;24;9997.0;487.0
-1;40700;BANANAS;4948;26;;;;;4955;26;;;;;4951.5;484.28906
-1;40700;PEARLS;9996;2;9995;24;;;10004;2;10005;24;;;10000.0;501.0
-1;40800;PEARLS;9995;29;;;;;10005;29;;;;;10000.0;501.0
-1;40800;BANANAS;4948;29;;;;;4955;29;;;;;4951.5;484.9375
-1;40900;PEARLS;9995;22;;;;;10005;22;;;;;10000.0;501.0
-1;40900;BANANAS;4948;22;;;;;4955;22;;;;;4951.5;482.73828
-1;41000;BANANAS;4949;5;4948;22;;;4951;4;4955;22;;;4950.0;486.4414
-1;41000;PEARLS;9998;5;9995;22;;;10005;22;;;;;10001.5;501.0
-1;41100;BANANAS;4947;23;;;;;4954;23;;;;;4950.5;497.75
-1;41100;PEARLS;9996;1;9995;22;;;10004;1;10005;22;;;10000.0;501.0
-1;41200;BANANAS;4947;26;;;;;4954;26;;;;;4950.5;498.8164
-1;41200;PEARLS;9996;1;9995;25;;;9998;8;10004;1;10005;25;9997.0;501.0
-1;41300;PEARLS;9996;1;9995;20;;;10000;6;10002;2;10004;1;9998.0;501.0
-1;41300;BANANAS;4946;21;;;;;4951;2;4953;21;;;4948.5;507.39062
-1;41400;PEARLS;9995;23;;;;;10005;23;;;;;10000.0;501.0
-1;41400;BANANAS;4947;22;;;;;4950;4;4954;23;;;4948.5;501.89844
-1;41500;BANANAS;4948;6;4947;30;;;4954;30;;;;;4951.0;499.9375
-1;41500;PEARLS;9998;5;9995;30;;;10005;30;;;;;10001.5;501.0
-1;41600;PEARLS;9996;1;9995;27;;;9998;5;10004;1;10005;27;9997.0;501.0
-1;41600;BANANAS;4948;1;4947;27;;;4954;28;;;;;4951.0;491.60156
-1;41700;PEARLS;9995;20;;;;;10005;20;;;;;10000.0;511.0
-1;41700;BANANAS;4947;20;;;;;4954;20;;;;;4950.5;493.82812
-1;41800;PEARLS;9996;2;9995;28;;;10002;3;10004;2;10005;28;9999.0;511.0
-1;41800;BANANAS;4947;30;;;;;4952;3;4954;30;;;4949.5;494.8086
-1;41900;BANANAS;4949;4;4948;30;;;4955;30;;;;;4952.0;486.46875
-1;41900;PEARLS;9998;4;9996;2;9995;28;10004;2;10005;28;;;10001.0;511.0
-1;42000;PEARLS;9996;2;9995;28;;;10004;2;10005;28;;;10000.0;511.0
-1;42000;BANANAS;4948;30;;;;;4955;30;;;;;4951.5;484.16406
-1;42100;PEARLS;9995;24;;;;;10005;24;;;;;10000.0;511.0
-1;42100;BANANAS;4948;24;;;;;4955;24;;;;;4951.5;483.48828
-1;42200;PEARLS;9995;26;;;;;10002;4;10005;26;;;9998.5;511.0
-1;42200;BANANAS;4948;26;;;;;4953;4;4955;26;;;4950.5;482.5703
-1;42300;BANANAS;4953;1;4948;24;;;4955;24;;;;;4954.0;489.98438
-1;42300;PEARLS;10000;4;9995;24;;;10005;24;;;;;10002.5;515.0
-1;42400;BANANAS;4948;25;;;;;4954;1;4955;24;;;4951.0;497.5625
-1;42400;PEARLS;9996;1;9995;24;;;9998;5;10004;1;10005;24;9997.0;516.0
-1;42500;PEARLS;9996;2;9995;22;;;10004;2;10005;22;;;10000.0;526.0
-1;42500;BANANAS;4948;23;;;;;4954;2;4955;22;;;4951.0;497.95312
-1;42600;PEARLS;9995;25;;;;;10002;10;10005;25;;;9998.5;526.0
-1;42600;BANANAS;4947;25;;;;;4952;10;4954;25;;;4949.5;506.3047
-1;42700;PEARLS;9996;2;9995;20;;;10004;2;10005;20;;;10000.0;526.0
-1;42700;BANANAS;4947;21;;;;;4954;22;;;;;4950.5;510.54297
-1;42800;BANANAS;4947;23;;;;;4954;23;;;;;4950.5;512.9492
-1;42800;PEARLS;9995;23;;;;;10005;23;;;;;10000.0;526.0
-1;42900;PEARLS;9995;22;;;;;10005;22;;;;;10000.0;526.0
-1;42900;BANANAS;4946;22;;;;;4953;22;;;;;4949.5;515.1172
-1;43000;PEARLS;10002;7;9996;1;9995;24;10004;1;10005;24;;;10003.0;526.0
-1;43000;BANANAS;4946;25;;;;;4953;25;;;;;4949.5;520.3047
-1;43100;PEARLS;9996;2;9995;23;;;10002;3;10004;2;10005;23;9999.0;540.0
-1;43100;BANANAS;4946;25;;;;;4951;3;4952;2;4953;23;4948.5;520.7539
-1;43200;BANANAS;4946;28;;;;;4953;28;;;;;4949.5;518.0625
-1;43200;PEARLS;9996;1;9995;27;;;10000;1;10004;1;10005;27;9998.0;540.0
-1;43300;PEARLS;9995;20;;;;;10005;20;;;;;10000.0;540.0
-1;43300;BANANAS;4946;20;;;;;4953;20;;;;;4949.5;521.53125
-1;43400;PEARLS;9996;2;9995;27;;;10002;8;10004;2;10005;27;9999.0;540.0
-1;43400;BANANAS;4946;28;;;;;4951;8;4952;2;4953;27;4948.5;520.6758
-1;43500;PEARLS;9996;1;9995;23;;;10002;10;10004;1;10005;23;9999.0;540.0
-1;43500;BANANAS;4946;24;;;;;4951;10;4952;1;4953;23;4948.5;522.53516
-1;43600;BANANAS;4945;21;;;;;4950;1;4952;21;;;4947.5;525.47656
-1;43600;PEARLS;9995;21;;;;;10002;1;10005;21;;;9998.5;540.0
-1;43700;PEARLS;9996;2;9995;26;;;10004;2;10005;26;;;10000.0;540.0
-1;43700;BANANAS;4946;2;4945;26;;;4952;28;;;;;4949.0;525.28125
-1;43800;PEARLS;9995;25;;;;;9998;1;10005;25;;;9996.5;540.0
-1;43800;BANANAS;4945;25;;;;;4952;25;;;;;4948.5;531.08594
-1;43900;PEARLS;9995;28;;;;;10005;28;;;;;10000.0;542.0
-1;43900;BANANAS;4945;28;;;;;4952;28;;;;;4948.5;529.9219
-1;44000;BANANAS;4945;26;;;;;4948;6;4951;26;;;4946.5;531.875
-1;44000;PEARLS;10002;4;9996;1;9995;25;10004;1;10005;25;;;10003.0;542.0
-1;44100;PEARLS;9996;2;9995;28;;;10004;2;10005;28;;;10000.0;550.0
-1;44100;BANANAS;4945;1;4944;28;;;4951;30;;;;;4948.0;533.78516
-1;44200;PEARLS;9998;4;9996;2;9995;20;10004;2;10005;20;;;10001.0;554.0
-1;44200;BANANAS;4945;6;4944;20;;;4951;22;;;;;4948.0;539.3711
-1;44300;PEARLS;9996;1;9995;24;;;10004;1;10005;24;;;10000.0;558.0
-1;44300;BANANAS;4945;25;;;;;4952;25;;;;;4948.5;534.8672
-1;44400;BANANAS;4945;30;;;;;4952;30;;;;;4948.5;535.52734
-1;44400;PEARLS;9996;1;9995;29;;;10004;1;10005;29;;;10000.0;558.0
-1;44500;PEARLS;9996;1;9995;26;;;10004;1;10005;26;;;10000.0;558.0
-1;44500;BANANAS;4945;27;;;;;4952;27;;;;;4948.5;534.10156
-1;44600;PEARLS;9995;23;;;;;10005;23;;;;;10000.0;560.0
-1;44600;BANANAS;4945;23;;;;;4952;23;;;;;4948.5;538.1211
-1;44700;PEARLS;9996;1;9995;23;;;10002;9;10004;1;10005;23;9999.0;560.0
-1;44700;BANANAS;4945;1;4944;23;;;4949;9;4951;24;;;4947.0;540.77344
-1;44800;BANANAS;4945;2;4944;22;;;4949;10;4951;24;;;4947.0;543.2031
-1;44800;PEARLS;9996;2;9995;22;;;10002;10;10004;2;10005;22;9999.0;562.0
-1;44900;PEARLS;9995;26;;;;;10002;6;10005;26;;;9998.5;562.0
-1;44900;BANANAS;4945;26;;;;;4950;6;4952;26;;;4947.5;541.80273
-1;45000;PEARLS;9996;1;9995;26;;;10004;1;10005;26;;;10000.0;562.0
-1;45000;BANANAS;4945;27;;;;;4951;1;4952;26;;;4948.0;541.1035
-1;45100;PEARLS;9996;2;9995;25;;;9998;1;10004;2;10005;25;9997.0;562.0
-1;45100;BANANAS;4945;27;;;;;4951;2;4952;25;;;4948.0;541.6074
-1;45200;BANANAS;4945;27;;;;;4952;27;;;;;4948.5;538.90234
-1;45200;PEARLS;9995;27;;;;;10005;27;;;;;10000.0;564.0
-1;45300;BANANAS;4945;29;;;;;4946;1;4952;29;;;4945.5;538.9121
-1;45300;PEARLS;9996;1;9995;28;;;9998;1;10004;1;10005;28;9997.0;564.0
-1;45400;PEARLS;9996;1;9995;27;;;10004;1;10005;27;;;10000.0;570.0
-1;45400;BANANAS;4946;28;;;;;4952;1;4953;27;;;4949.0;539.0703
-1;45500;BANANAS;4946;1;4945;23;;;4952;24;;;;;4949.0;540.2969
-1;45500;PEARLS;9996;1;9995;23;;;10004;1;10005;23;;;10000.0;570.0
-1;45600;BANANAS;4951;1;4946;1;4945;24;4952;25;;;;;4951.5;540.3906
-1;45600;PEARLS;9996;1;9995;24;;;10004;1;10005;24;;;10000.0;570.0
-1;45700;PEARLS;10002;4;9995;30;;;10005;30;;;;;10003.5;570.0
-1;45700;BANANAS;4945;30;;;;;4952;30;;;;;4948.5;543.1543
-1;45800;PEARLS;9996;2;9995;24;;;10004;2;10005;24;;;10000.0;578.0
-1;45800;BANANAS;4946;2;4945;24;;;4952;26;;;;;4949.0;543.21875
-1;45900;PEARLS;9996;1;9995;21;;;10002;1;10004;1;10005;21;9999.0;578.0
-1;45900;BANANAS;4946;1;4945;21;;;4950;1;4952;22;;;4948.0;542.49805
-1;46000;BANANAS;4946;27;;;;;4952;2;4953;25;;;4949.0;541.83984
-1;46000;PEARLS;9996;2;9995;25;;;9998;5;10004;2;10005;25;9997.0;578.0
-1;46100;PEARLS;9996;2;9995;25;;;10004;2;10005;25;;;10000.0;594.0
-1;46100;BANANAS;4945;27;;;;;4946;1;4952;27;;;4945.5;543.41797
-1;46200;PEARLS;9995;28;;;;;10005;28;;;;;10000.0;594.0
-1;46200;BANANAS;4945;28;;;;;4946;2;4952;28;;;4945.5;548.3633
-1;46300;PEARLS;9996;1;9995;22;;;10004;1;10005;22;;;10000.0;594.0
-1;46300;BANANAS;4950;1;4945;1;4944;22;4951;23;;;;;4950.5;553.2256
-1;46400;BANANAS;4944;26;;;;;4951;26;;;;;4947.5;556.0283
-1;46400;PEARLS;9995;26;;;;;10005;26;;;;;10000.0;594.0
-1;46500;PEARLS;9996;2;9995;23;;;10002;5;10004;2;10005;23;9999.0;594.0
-1;46500;BANANAS;4944;25;;;;;4945;1;4949;5;4951;25;4944.5;556.2217
-1;46600;PEARLS;9996;2;9995;21;;;10002;2;10004;2;10005;21;9999.0;594.0
-1;46600;BANANAS;4947;4;4944;23;;;4949;2;4951;23;;;4948.0;558.6699
-1;46700;PEARLS;9996;1;9995;22;;;10004;1;10005;22;;;10000.0;594.0
-1;46700;BANANAS;4944;23;;;;;4951;23;;;;;4947.5;558.9512
-1;46800;BANANAS;4945;6;4944;22;;;4951;23;;;;;4948.0;558.28516
-1;46800;PEARLS;9998;4;9996;1;9995;22;10004;1;10005;22;;;10001.0;594.0
-1;46900;BANANAS;4950;1;4944;28;;;4951;28;;;;;4950.5;558.64355
-1;46900;PEARLS;9996;2;9995;26;;;10004;2;10005;26;;;10000.0;594.0
-1;47000;PEARLS;9995;20;;;;;10002;8;10005;20;;;9998.5;594.0
-1;47000;BANANAS;4944;20;;;;;4949;8;4951;20;;;4946.5;562.8613
-1;47100;BANANAS;4945;4;4944;24;;;4951;24;;;;;4948.0;564.4487
-1;47100;PEARLS;9998;5;9995;24;;;10005;24;;;;;10001.5;598.0
-1;47200;BANANAS;4950;1;4944;29;;;4951;29;;;;;4950.5;564.0952
-1;47200;PEARLS;9995;29;;;;;10005;29;;;;;10000.0;598.0
-1;47300;BANANAS;4944;24;;;;;4951;24;;;;;4947.5;566.4678
-1;47300;PEARLS;9995;24;;;;;10005;24;;;;;10000.0;598.0
-1;47400;PEARLS;9996;2;9995;24;;;10002;5;10004;2;10005;24;9999.0;598.0
-1;47400;BANANAS;4945;26;;;;;4950;5;4951;2;4952;24;4947.5;565.76074
-1;47500;BANANAS;4944;28;;;;;4950;28;;;;;4947.0;567.9873
-1;47500;PEARLS;9995;28;;;;;10005;28;;;;;10000.0;598.0
-1;47600;BANANAS;4943;21;;;;;4950;21;;;;;4946.5;568.36035
-1;47600;PEARLS;9995;21;;;;;10005;21;;;;;10000.0;598.0
-1;47700;BANANAS;4943;24;;;;;4949;1;4950;23;;;4946.0;574.0
-1;47700;PEARLS;9996;1;9995;23;;;9998;1;10004;1;10005;23;9997.0;602.0
-1;47800;PEARLS;9995;22;;;;;9998;1;10002;8;10005;22;9996.5;604.0
-1;47800;BANANAS;4943;22;;;;;4948;8;4950;22;;;4945.5;574.0
-1;47900;BANANAS;4944;1;4943;21;;;4949;21;;;;;4946.5;574.0
-1;47900;PEARLS;9998;1;9995;21;;;10005;21;;;;;10001.5;604.0
-1;48000;BANANAS;4943;5;4942;27;;;4949;29;;;;;4946.0;574.0
-1;48000;PEARLS;9998;3;9996;2;9995;27;10004;2;10005;27;;;10001.0;604.0
-1;48100;BANANAS;4942;29;;;;;4949;29;;;;;4945.5;574.0
-1;48100;PEARLS;9995;29;;;;;10005;29;;;;;10000.0;604.0
-1;48200;PEARLS;9996;1;9995;25;;;10004;1;10005;25;;;10000.0;604.0
-1;48200;BANANAS;4942;26;;;;;4949;26;;;;;4945.5;574.0
-1;48300;BANANAS;4948;1;4942;29;;;4949;29;;;;;4948.5;574.0
-1;48300;PEARLS;9995;29;;;;;10005;29;;;;;10000.0;604.0
-1;48400;BANANAS;4947;1;4942;22;;;4949;22;;;;;4948.0;576.83984
-1;48400;PEARLS;9995;22;;;;;10005;22;;;;;10000.0;604.0
-1;48500;BANANAS;4942;25;;;;;4949;25;;;;;4945.5;578.6416
-1;48500;PEARLS;9995;25;;;;;10005;25;;;;;10000.0;604.0
-1;48600;PEARLS;9996;2;9995;20;;;10002;4;10004;2;10005;20;9999.0;604.0
-1;48600;BANANAS;4942;22;;;;;4947;4;4948;2;4949;20;4944.5;578.6592
-1;48700;BANANAS;4941;21;;;;;4948;21;;;;;4944.5;579.625
-1;48700;PEARLS;10002;2;9995;21;;;10005;21;;;;;10003.5;604.0
-1;48800;BANANAS;4943;10;4942;31;;;4949;31;;;;;4946.0;578.2637
-1;48800;PEARLS;9998;10;9996;2;9995;29;10004;2;10005;29;;;10001.0;608.0
-1;48900;BANANAS;4942;3;4941;24;;;4948;25;;;;;4945.0;579.3164
-1;48900;PEARLS;9998;3;9996;1;9995;24;10004;1;10005;24;;;10001.0;608.0
-1;49000;PEARLS;9995;29;;;;;10005;29;;;;;10000.0;608.0
-1;49000;BANANAS;4941;29;;;;;4948;29;;;;;4944.5;579.79395
-1;49100;BANANAS;4942;3;4941;26;;;4948;26;;;;;4945.0;580.86816
-1;49100;PEARLS;9998;3;9995;26;;;10005;26;;;;;10001.5;608.0
-1;49200;BANANAS;4940;25;;;;;4946;2;4947;23;;;4943.0;585.0
-1;49200;PEARLS;9996;2;9995;23;;;10004;2;10005;23;;;10000.0;612.0
-1;49300;BANANAS;4945;1;4940;29;;;4946;29;;;;;4945.5;585.0
-1;49300;PEARLS;9995;29;;;;;10005;29;;;;;10000.0;612.0
-1;49400;PEARLS;9998;5;9996;1;9995;21;10004;1;10005;21;;;10001.0;612.0
-1;49400;BANANAS;4945;1;4941;5;4940;22;4947;22;;;;;4946.0;586.5337
-1;49500;BANANAS;4940;23;;;;;4947;23;;;;;4943.5;587.19434
-1;49500;PEARLS;9995;23;;;;;10005;23;;;;;10000.0;612.0
-1;49600;BANANAS;4940;22;;;;;4947;22;;;;;4943.5;587.5205
-1;49600;PEARLS;9995;22;;;;;10005;22;;;;;10000.0;612.0
-1;49700;BANANAS;4941;24;;;;;4946;9;4947;2;4948;22;4943.5;586.5742
-1;49700;PEARLS;9996;2;9995;22;;;10002;8;10004;2;10005;22;9999.0;612.0
-1;49800;BANANAS;4941;22;;;;;4948;22;;;;;4944.5;586.3369
-1;49800;PEARLS;9996;1;9995;21;;;9998;1;10004;1;10005;21;9997.0;612.0
-1;49900;PEARLS;9996;2;9995;20;;;10004;2;10005;20;;;10000.0;612.0
-1;49900;BANANAS;4941;22;;;;;4946;1;4947;2;4948;20;4943.5;586.60156
-1;50000;BANANAS;4943;1;4940;30;;;4947;30;;;;;4945.0;587.7871
-1;50000;PEARLS;9996;1;9995;29;;;10004;1;10005;29;;;10000.0;612.0
-1;50100;BANANAS;4941;32;;;;;4947;2;4948;30;;;4944.0;586.8154
-1;50100;PEARLS;9996;2;9995;30;;;10004;2;10005;30;;;10000.0;612.0
-1;50200;PEARLS;9998;1;9996;2;9995;23;10004;2;10005;23;;;10001.0;614.0
-1;50200;BANANAS;4942;1;4941;25;;;4948;25;;;;;4945.0;588.1387
-1;50300;PEARLS;9996;1;9995;25;;;10002;5;10004;1;10005;25;9999.0;614.0
-1;50300;BANANAS;4942;1;4941;25;;;4946;6;4948;26;;;4944.0;587.209
-1;50400;PEARLS;10002;4;9996;1;9995;29;10004;1;10005;29;;;10003.0;614.0
-1;50400;BANANAS;4942;1;4941;29;;;4948;30;;;;;4945.0;588.03906
-1;50500;BANANAS;4942;1;4941;28;;;4948;29;;;;;4945.0;587.1836
-1;50500;PEARLS;10002;4;9996;1;9995;28;10004;1;10005;28;;;10003.0;622.0
-1;50600;PEARLS;9996;1;9995;23;;;10004;1;10005;23;;;10000.0;630.0
-1;50600;BANANAS;4947;1;4942;24;;;4948;1;4949;23;;;4947.5;586.77344
-1;50700;PEARLS;9995;25;;;;;10002;3;10005;25;;;9998.5;630.0
-1;50700;BANANAS;4941;25;;;;;4943;1;4946;3;4948;25;4942.0;589.39844
-1;50800;PEARLS;9995;24;;;;;9998;1;10002;6;10005;24;9996.5;630.0
-1;50800;BANANAS;4941;24;;;;;4946;6;4948;24;;;4943.5;589.74023
-1;50900;BANANAS;4941;27;;;;;4948;27;;;;;4944.5;590.8203
-1;50900;PEARLS;9996;1;9995;26;;;10004;1;10005;26;;;10000.0;632.0
-1;51000;PEARLS;9996;2;9995;22;;;10004;2;10005;22;;;10000.0;632.0
-1;51000;BANANAS;4942;2;4941;22;;;4948;24;;;;;4945.0;589.19336
-1;51100;PEARLS;9996;1;9995;26;;;10004;1;10005;26;;;10000.0;632.0
-1;51100;BANANAS;4941;27;;;;;4948;27;;;;;4944.5;590.96094
-1;51200;PEARLS;9996;2;9995;30;;;10004;2;10005;30;;;10000.0;632.0
-1;51200;BANANAS;4941;2;4940;30;;;4947;32;;;;;4944.0;594.959
-1;51300;PEARLS;9996;2;9995;23;;;10004;2;10005;23;;;10000.0;632.0
-1;51300;BANANAS;4941;25;;;;;4947;25;;;;;4944.0;594.02344
-1;51400;BANANAS;4941;23;;;;;4948;23;;;;;4944.5;593.8262
-1;51400;PEARLS;9995;23;;;;;10005;23;;;;;10000.0;632.0
-1;51500;PEARLS;9996;2;9995;20;;;10004;2;10005;20;;;10000.0;632.0
-1;51500;BANANAS;4941;22;;;;;4948;22;;;;;4944.5;592.1367
-1;51600;PEARLS;9996;2;9995;29;;;10004;2;10005;29;;;10000.0;632.0
-1;51600;BANANAS;4941;31;;;;;4947;2;4948;29;;;4944.0;593.09766
-1;51700;PEARLS;9996;2;9995;30;;;10002;5;10004;2;10005;30;9999.0;632.0
-1;51700;BANANAS;4941;32;;;;;4946;5;4947;2;4948;30;4943.5;592.63086
-1;51800;BANANAS;4942;2;4941;24;;;4948;26;;;;;4945.0;590.375
-1;51800;PEARLS;9996;2;9995;24;;;10004;2;10005;24;;;10000.0;632.0
-1;51900;PEARLS;9996;1;9995;26;;;10002;6;10004;1;10005;26;9999.0;632.0
-1;51900;BANANAS;4941;27;;;;;4946;6;4948;27;;;4943.5;591.37305
-1;52000;PEARLS;10000;3;9996;1;9995;23;10004;1;10005;23;;;10002.0;632.0
-1;52000;BANANAS;4941;24;;;;;4947;1;4948;23;;;4944.0;593.50977
-1;52100;PEARLS;9995;30;;;;;10005;30;;;;;10000.0;632.0
-1;52100;BANANAS;4940;30;;;;;4947;30;;;;;4943.5;594.8574
-1;52200;BANANAS;4941;28;;;;;4946;3;4948;28;;;4943.5;592.60156
-1;52200;PEARLS;9995;28;;;;;10002;3;10005;28;;;9998.5;632.0
-1;52300;PEARLS;9995;21;;;;;10002;3;10005;21;;;9998.5;632.0
-1;52300;BANANAS;4940;21;;;;;4945;2;4947;21;;;4942.5;594.26953
-1;52400;PEARLS;10000;6;9996;2;9995;22;10004;2;10005;22;;;10002.0;632.0
-1;52400;BANANAS;4941;2;4940;22;;;4947;24;;;;;4944.0;594.3047
-1;52500;PEARLS;9996;1;9995;30;;;10004;1;10005;30;;;10000.0;632.0
-1;52500;BANANAS;4941;1;4940;30;;;4947;31;;;;;4944.0;594.4844
-1;52600;BANANAS;4941;24;;;;;4947;1;4948;23;;;4944.0;593.33984
-1;52600;PEARLS;9996;1;9995;23;;;9998;2;10004;1;10005;23;9997.0;632.0
-1;52700;PEARLS;9995;29;;;;;9998;1;10005;29;;;9996.5;636.0
-1;52700;BANANAS;4941;29;;;;;4948;29;;;;;4944.5;593.2285
-1;52800;PEARLS;9995;24;;;;;9998;1;10005;24;;;9996.5;642.0
-1;52800;BANANAS;4941;24;;;;;4948;24;;;;;4944.5;596.76074
-1;52900;PEARLS;9996;1;9995;30;;;10004;1;10005;30;;;10000.0;644.0
-1;52900;BANANAS;4941;31;;;;;4947;1;4948;30;;;4944.0;597.84375
-1;53000;BANANAS;4941;28;;;;;4948;28;;;;;4944.5;595.8281
-1;53000;PEARLS;9995;28;;;;;10005;28;;;;;10000.0;644.0
-1;53100;PEARLS;9996;1;9995;30;;;10004;1;10005;30;;;10000.0;644.0
-1;53100;BANANAS;4943;31;;;;;4949;1;4950;30;;;4946.0;591.1797
-1;53200;PEARLS;9996;1;9995;30;;;9998;1;10004;1;10005;30;9997.0;644.0
-1;53200;BANANAS;4943;31;;;;;4950;31;;;;;4946.5;590.90234
-1;53300;PEARLS;9996;1;9995;23;;;10004;1;10005;23;;;10000.0;646.0
-1;53300;BANANAS;4943;24;;;;;4950;24;;;;;4946.5;591.13086
-1;53400;BANANAS;4942;23;;;;;4943;1;4949;23;;;4942.5;592.8701
-1;53400;PEARLS;9995;23;;;;;10005;23;;;;;10000.0;646.0
-1;53500;PEARLS;9996;1;9995;25;;;10002;8;10004;1;10005;25;9999.0;646.0
-1;53500;BANANAS;4943;26;;;;;4948;8;4949;1;4950;25;4945.5;594.7197
-1;53600;PEARLS;9998;2;9995;23;;;10005;23;;;;;10001.5;646.0
-1;53600;BANANAS;4943;1;4942;23;;;4949;23;;;;;4946.0;595.4844
-1;53700;PEARLS;9996;2;9995;25;;;10002;10;10004;2;10005;25;9999.0;650.0
-1;53700;BANANAS;4943;27;;;;;4948;10;4949;2;4950;25;4945.5;594.7217
-1;53800;BANANAS;4944;2;4943;23;;;4948;6;4950;25;;;4946.0;593.4502
-1;53800;PEARLS;9996;2;9995;23;;;9998;13;10002;6;10004;2;9997.0;650.0
-1;53900;PEARLS;9995;28;;;;;10005;28;;;;;10000.0;650.0
-1;53900;BANANAS;4949;1;4948;4;4944;28;4951;28;;;;;4950.0;592.5664
-1;54000;PEARLS;9996;1;9995;21;;;10004;1;10005;21;;;10000.0;650.0
-1;54000;BANANAS;4945;1;4944;21;;;4951;22;;;;;4948.0;592.39844
-1;54100;PEARLS;9995;23;;;;;10005;23;;;;;10000.0;650.0
-1;54100;BANANAS;4944;23;;;;;4951;23;;;;;4947.5;593.87305
-1;54200;BANANAS;4943;21;;;;;4950;21;;;;;4946.5;595.8613
-1;54200;PEARLS;9996;1;9995;20;;;10004;1;10005;20;;;10000.0;650.0
-1;54300;BANANAS;4945;1;4944;25;;;4951;25;;;;;4948.0;594.16504
-1;54300;PEARLS;9998;1;9995;25;;;10005;25;;;;;10001.5;650.0
-1;54400;PEARLS;9996;2;9995;22;;;10004;2;10005;22;;;10000.0;650.0
-1;54400;BANANAS;4944;23;;;;;4951;24;;;;;4947.5;593.9824
-1;54500;BANANAS;4944;29;;;;;4945;1;4949;9;4951;29;4944.5;593.55566
-1;54500;PEARLS;9995;29;;;;;10002;9;10005;29;;;9998.5;650.0
-1;54600;BANANAS;4945;4;4944;28;;;4950;2;4951;26;;;4947.5;596.6885
-1;54600;PEARLS;9998;4;9996;2;9995;26;10004;2;10005;26;;;10001.0;650.0
-1;54700;PEARLS;9998;2;9995;21;;;10005;21;;;;;10001.5;650.0
-1;54700;BANANAS;4944;3;4943;21;;;4950;21;;;;;4947.0;597.3789
-1;54800;PEARLS;9996;1;9995;23;;;10004;1;10005;23;;;10000.0;650.0
-1;54800;BANANAS;4943;24;;;;;4950;24;;;;;4946.5;598.1865
-1;54900;PEARLS;9996;1;9995;28;;;10004;1;10005;28;;;10000.0;650.0
-1;54900;BANANAS;4943;1;4942;28;;;4949;29;;;;;4946.0;599.55176
-1;55000;BANANAS;4943;27;;;;;4949;27;;;;;4946.0;598.95215
-1;55000;PEARLS;9995;27;;;;;9998;5;10005;27;;;9996.5;650.0
-1;55100;PEARLS;10002;9;9996;2;9995;29;10004;2;10005;29;;;10003.0;650.0
-1;55100;BANANAS;4943;31;;;;;4950;31;;;;;4946.5;598.75977
-1;55200;PEARLS;9995;25;;;;;10005;25;;;;;10000.0;668.0
-1;55200;BANANAS;4943;25;;;;;4950;25;;;;;4946.5;598.19824
-1;55300;PEARLS;9996;1;9995;24;;;10002;7;10004;1;10005;24;9999.0;668.0
-1;55300;BANANAS;4944;1;4943;24;;;4948;7;4950;25;;;4946.0;597.1875
-1;55400;BANANAS;4944;1;4943;22;;;4950;23;;;;;4947.0;597.66797
-1;55400;PEARLS;9996;1;9995;22;;;10004;1;10005;22;;;10000.0;668.0
-1;55500;PEARLS;9995;26;;;;;10005;26;;;;;10000.0;668.0
-1;55500;BANANAS;4947;2;4943;26;;;4949;26;;;;;4948.0;599.98047
-1;55600;PEARLS;9998;7;9996;1;9995;27;10004;1;10005;27;;;10001.0;668.0
-1;55600;BANANAS;4943;7;4942;28;;;4949;28;;;;;4946.0;603.6797
-1;55700;BANANAS;4943;21;;;;;4948;7;4950;21;;;4945.5;601.3711
-1;55700;PEARLS;9995;21;;;;;10002;7;10005;21;;;9998.5;668.0
-1;55800;BANANAS;4943;23;;;;;4950;23;;;;;4946.5;599.4453
-1;55800;PEARLS;9996;2;9995;21;;;10004;2;10005;21;;;10000.0;668.0
-1;55900;BANANAS;4943;24;;;;;4950;24;;;;;4946.5;600.47656
-1;55900;PEARLS;9995;24;;;;;9998;11;10005;24;;;9996.5;668.0
-1;56000;PEARLS;9996;2;9995;20;;;10004;2;10005;20;;;10000.0;668.0
-1;56000;BANANAS;4943;22;;;;;4950;22;;;;;4946.5;605.53906
-1;56100;BANANAS;4943;30;;;;;4950;30;;;;;4946.5;602.46094
-1;56100;PEARLS;9996;1;9995;29;;;10004;1;10005;29;;;10000.0;668.0
-1;56200;BANANAS;4943;28;;;;;4950;28;;;;;4946.5;602.3203
-1;56200;PEARLS;9996;2;9995;26;;;10004;2;10005;26;;;10000.0;668.0
-1;56300;BANANAS;4943;23;;;;;4948;8;4950;23;;;4945.5;605.0781
-1;56300;PEARLS;9995;23;;;;;10002;8;10005;23;;;9998.5;668.0
-1;56400;PEARLS;9998;6;9995;23;;;10005;23;;;;;10001.5;668.0
-1;56400;BANANAS;4944;6;4943;23;;;4950;23;;;;;4947.0;607.23047
-1;56500;BANANAS;4943;25;;;;;4950;25;;;;;4946.5;606.28516
-1;56500;PEARLS;9995;25;;;;;10005;25;;;;;10000.0;668.0
-1;56600;BANANAS;4943;27;;;;;4949;27;;;;;4946.0;608.23047
-1;56600;PEARLS;9996;1;9995;26;;;10004;1;10005;26;;;10000.0;668.0
-1;56700;BANANAS;4943;24;;;;;4950;25;;;;;4946.5;606.28516
-1;56700;PEARLS;9995;25;;;;;10005;25;;;;;10000.0;676.0
-1;56800;PEARLS;9995;24;;;;;10005;24;;;;;10000.0;676.0
-1;56800;BANANAS;4943;23;;;;;4950;24;;;;;4946.5;607.2383
-1;56900;BANANAS;4944;5;4943;20;;;4950;20;;;;;4947.0;606.0703
-1;56900;PEARLS;9998;5;9995;20;;;10005;20;;;;;10001.5;676.0
-1;57000;BANANAS;4943;25;;;;;4949;25;;;;;4946.0;607.8711
-1;57000;PEARLS;9995;25;;;;;10005;25;;;;;10000.0;676.0
-1;57100;BANANAS;4943;27;;;;;4949;2;4950;25;;;4946.0;619.83594
-1;57100;PEARLS;9996;2;9995;25;;;10004;2;10005;25;;;10000.0;680.0
-1;57200;PEARLS;9995;26;;;;;10005;26;;;;;10000.0;680.0
-1;57200;BANANAS;4943;26;;;;;4946;2;4950;26;;;4944.5;619.4746
-1;57300;BANANAS;4943;25;;;;;4950;25;;;;;4946.5;618.9951
-1;57300;PEARLS;10002;1;9995;25;;;10005;25;;;;;10003.5;680.0
-1;57400;BANANAS;4944;1;4943;26;;;4948;2;4950;28;;;4946.0;618.38574
-1;57400;PEARLS;9996;2;9995;26;;;10002;2;10004;2;10005;26;9999.0;682.0
-1;57500;BANANAS;4944;31;;;;;4949;1;4951;31;;;4946.5;616.6328
-1;57500;PEARLS;9996;1;9995;30;;;10002;1;10004;1;10005;30;9999.0;682.0
-1;57600;PEARLS;9995;29;;;;;9998;1;10005;29;;;9996.5;682.0
-1;57600;BANANAS;4944;29;;;;;4951;29;;;;;4947.5;616.23535
-1;57700;BANANAS;4945;2;4944;28;;;4949;2;4951;30;;;4947.0;616.3711
-1;57700;PEARLS;9996;2;9995;28;;;10002;2;10004;2;10005;28;9999.0;684.0
-1;57800;BANANAS;4945;2;4944;26;;;4951;28;;;;;4948.0;616.16113
-1;57800;PEARLS;9996;2;9995;26;;;10004;2;10005;26;;;10000.0;684.0
-1;57900;BANANAS;4944;32;;;;;4950;2;4951;30;;;4947.0;617.5215
-1;57900;PEARLS;10002;1;9996;2;9995;30;10004;2;10005;30;;;10003.0;684.0
-1;58000;PEARLS;9998;7;9995;23;;;10005;23;;;;;10001.5;686.0
-1;58000;BANANAS;4945;6;4944;23;;;4951;23;;;;;4948.0;617.8164
-1;58100;BANANAS;4943;23;;;;;4950;24;;;;;4946.5;618.3672
-1;58100;PEARLS;9996;1;9995;23;;;10004;1;10005;23;;;10000.0;686.0
-1;58200;BANANAS;4944;26;;;;;4950;2;4951;24;;;4947.0;617.5625
-1;58200;PEARLS;9996;2;9995;24;;;10004;2;10005;24;;;10000.0;686.0
-1;58300;BANANAS;4944;23;;;;;4951;23;;;;;4947.5;617.4053
-1;58300;PEARLS;9996;2;9995;21;;;9998;1;10004;2;10005;21;9997.0;686.0
-1;58400;PEARLS;9995;21;;;;;10000;4;10005;21;;;9997.5;688.0
-1;58400;BANANAS;4944;21;;;;;4951;21;;;;;4947.5;616.30273
-1;58500;BANANAS;4945;30;;;;;4951;30;;;;;4948.0;616.0254
-1;58500;PEARLS;9996;1;9995;29;;;9998;1;10004;1;10005;29;9997.0;688.0
-1;58600;BANANAS;4945;4;4944;27;;;4951;29;;;;;4948.0;616.5049
-1;58600;PEARLS;9998;2;9996;2;9995;27;10004;2;10005;27;;;10001.0;690.0
-1;58700;BANANAS;4945;1;4944;24;;;4951;25;;;;;4948.0;616.33594
-1;58700;PEARLS;9996;1;9995;24;;;10004;1;10005;24;;;10000.0;690.0
-1;58800;BANANAS;4945;5;4944;24;;;4951;24;;;;;4948.0;616.9453
-1;58800;PEARLS;9998;4;9996;2;9995;22;10004;2;10005;22;;;10001.0;690.0
-1;58900;PEARLS;9995;22;;;;;9998;1;10005;22;;;9996.5;690.0
-1;58900;BANANAS;4944;22;;;;;4951;22;;;;;4947.5;616.6377
-1;59000;PEARLS;9995;26;;;;;10005;26;;;;;10000.0;692.0
-1;59000;BANANAS;4945;9;4944;26;;;4951;26;;;;;4948.0;616.20996
-1;59100;BANANAS;4944;30;;;;;4945;12;4951;30;;;4944.5;616.3633
-1;59100;PEARLS;9995;30;;;;;9998;2;10005;30;;;9996.5;692.0
-1;59200;PEARLS;10000;3;9996;2;9995;29;10004;2;10005;29;;;10002.0;696.0
-1;59200;BANANAS;4949;1;4944;31;;;4951;31;;;;;4950.0;647.97656
-1;59300;PEARLS;9996;2;9995;28;;;9998;13;10004;2;10005;28;9997.0;696.0
-1;59300;BANANAS;4944;30;;;;;4950;2;4951;28;;;4947.0;645.7617
-1;59400;PEARLS;9995;28;;;;;10005;28;;;;;10000.0;696.0
-1;59400;BANANAS;4944;28;;;;;4949;3;4951;28;;;4946.5;647.71094
-1;59500;BANANAS;4945;1;4944;29;;;4950;29;;;;;4947.5;643.8594
-1;59500;PEARLS;9998;1;9996;2;9995;27;10004;2;10005;27;;;10001.0;696.0
-1;59600;PEARLS;9995;25;;;;;10005;25;;;;;10000.0;696.0
-1;59600;BANANAS;4944;25;;;;;4951;25;;;;;4947.5;647.9961
-1;59700;PEARLS;9998;8;9996;2;9995;26;10004;2;10005;26;;;10001.0;696.0
-1;59700;BANANAS;4945;10;4944;26;;;4951;28;;;;;4948.0;652.0625
-1;59800;PEARLS;9995;20;;;;;10005;20;;;;;10000.0;696.0
-1;59800;BANANAS;4944;20;;;;;4951;20;;;;;4947.5;652.4961
-1;59900;BANANAS;4946;1;4945;24;;;4951;2;4952;22;;;4948.5;654.5625
-1;59900;PEARLS;10002;1;9998;1;9996;2;10004;2;10005;22;;;10003.0;696.0
-1;60000;PEARLS;9998;4;9996;2;9995;29;10004;2;10005;29;;;10001.0;700.0
-1;60000;BANANAS;4946;4;4945;31;;;4952;31;;;;;4949.0;661.8125
-1;60100;PEARLS;9995;25;;;;;9998;1;10005;25;;;9996.5;700.0
-1;60100;BANANAS;4945;25;;;;;4952;25;;;;;4948.5;663.3242
-1;60200;PEARLS;10000;3;9996;1;9995;21;10004;1;10005;21;;;10002.0;702.0
-1;60200;BANANAS;4946;1;4945;21;;;4952;22;;;;;4949.0;663.1719
-1;60300;PEARLS;9996;2;9995;22;;;10004;2;10005;22;;;10000.0;702.0
-1;60300;BANANAS;4945;24;;;;;4952;24;;;;;4948.5;661.8594
-1;60400;BANANAS;4946;1;4945;24;;;4952;25;;;;;4949.0;662.0664
-1;60400;PEARLS;10000;4;9996;1;9995;24;10004;1;10005;24;;;10002.0;702.0
-1;60500;PEARLS;9996;2;9995;20;;;10004;2;10005;20;;;10000.0;702.0
-1;60500;BANANAS;4946;2;4945;20;;;4952;22;;;;;4949.0;662.7344
-1;60600;PEARLS;9995;27;;;;;10002;3;10005;27;;;9998.5;704.0
-1;60600;BANANAS;4945;27;;;;;4950;3;4952;27;;;4947.5;665.7656
-1;60700;PEARLS;9996;2;9995;29;;;10002;8;10004;2;10005;29;9999.0;704.0
-1;60700;BANANAS;4946;31;;;;;4951;8;4952;2;4953;29;4948.5;667.5703
-1;60800;BANANAS;4945;25;;;;;4952;25;;;;;4948.5;661.8008
-1;60800;PEARLS;9996;1;9995;24;;;10004;1;10005;24;;;10000.0;704.0
-1;60900;PEARLS;9996;2;9995;23;;;10004;2;10005;23;;;10000.0;704.0
-1;60900;BANANAS;4945;2;4944;23;;;4951;25;;;;;4948.0;658.1211
-1;61000;PEARLS;9996;1;9995;30;;;10004;1;10005;30;;;10000.0;704.0
-1;61000;BANANAS;4944;31;;;;;4951;31;;;;;4947.5;654.5
-1;61100;PEARLS;9996;2;9995;30;;;10004;2;10005;30;;;10000.0;705.0
-1;61100;BANANAS;4944;32;;;;;4945;2;4947;3;4951;32;4944.5;656.375
-1;61200;BANANAS;4944;30;;;;;4951;30;;;;;4947.5;658.83203
-1;61200;PEARLS;9995;30;;;;;10005;30;;;;;10000.0;705.0
-1;61300;PEARLS;9996;1;9995;30;;;10004;1;10005;30;;;10000.0;705.0
-1;61300;BANANAS;4944;31;;;;;4950;31;;;;;4947.0;656.90234
-1;61400;PEARLS;10002;2;9996;2;9995;26;10004;2;10005;26;;;10003.0;705.0
-1;61400;BANANAS;4944;28;;;;;4951;28;;;;;4947.5;661.7461
-1;61500;PEARLS;10002;6;9995;29;;;10005;29;;;;;10003.5;709.0
-1;61500;BANANAS;4945;29;;;;;4952;29;;;;;4948.5;669.0508
-1;61600;BANANAS;4945;26;;;;;4952;26;;;;;4948.5;669.3711
-1;61600;PEARLS;9996;1;9995;25;;;10004;1;10005;25;;;10000.0;721.0
-1;61700;PEARLS;9996;1;9995;22;;;10004;1;10005;22;;;10000.0;721.0
-1;61700;BANANAS;4950;1;4945;23;;;4951;1;4952;22;;;4950.5;666.77344
-1;61800;PEARLS;9995;29;;;;;10005;29;;;;;10000.0;721.0
-1;61800;BANANAS;4944;29;;;;;4951;29;;;;;4947.5;665.85547
-1;61900;PEARLS;9996;2;9995;23;;;9998;1;10004;2;10005;23;9997.0;721.0
-1;61900;BANANAS;4945;2;4944;23;;;4951;25;;;;;4948.0;666.21875
-1;62000;BANANAS;4944;23;;;;;4950;1;4951;22;;;4947.0;660.66016
-1;62000;PEARLS;9996;1;9995;22;;;10004;1;10005;22;;;10000.0;723.0
-1;62100;PEARLS;9996;1;9995;24;;;10004;1;10005;24;;;10000.0;723.0
-1;62100;BANANAS;4944;25;;;;;4950;1;4951;24;;;4947.0;661.7578
-1;62200;PEARLS;9998;9;9995;26;;;10005;26;;;;;10001.5;723.0
-1;62200;BANANAS;4944;8;4943;26;;;4950;26;;;;;4947.0;658.46484
-1;62300;PEARLS;9996;1;9995;21;;;10004;1;10005;21;;;10000.0;723.0
-1;62300;BANANAS;4944;22;;;;;4951;22;;;;;4947.5;663.46094
-1;62400;BANANAS;4944;26;;;;;4951;26;;;;;4947.5;661.47656
-1;62400;PEARLS;9995;26;;;;;10005;26;;;;;10000.0;723.0
-1;62500;PEARLS;9996;2;9995;27;;;10004;2;10005;27;;;10000.0;723.0
-1;62500;BANANAS;4944;29;;;;;4950;2;4951;27;;;4947.0;660.8125
-1;62600;PEARLS;9996;2;9995;29;;;10004;2;10005;29;;;10000.0;723.0
-1;62600;BANANAS;4943;31;;;;;4950;31;;;;;4946.5;657.6172
-1;62700;PEARLS;9995;25;;;;;10002;4;10005;25;;;9998.5;723.0
-1;62700;BANANAS;4944;25;;;;;4949;4;4951;25;;;4946.5;660.48047
-1;62800;BANANAS;4943;28;;;;;4950;28;;;;;4946.5;656.0547
-1;62800;PEARLS;9996;1;9995;27;;;10004;1;10005;27;;;10000.0;723.0
-1;62900;PEARLS;9996;1;9995;21;;;10004;1;10005;21;;;10000.0;739.0
-1;62900;BANANAS;4943;22;;;;;4950;22;;;;;4946.5;656.16406
-1;63000;PEARLS;9996;2;9995;25;;;10004;2;10005;25;;;10000.0;740.0
-1;63000;BANANAS;4943;27;;;;;4950;27;;;;;4946.5;656.58594
-1;63100;BANANAS;4943;20;;;;;4948;1;4950;20;;;4945.5;677.91016
-1;63100;PEARLS;9995;20;;;;;10002;1;10005;20;;;9998.5;740.0
-1;63200;BANANAS;4943;24;;;;;4950;24;;;;;4946.5;678.13086
-1;63200;PEARLS;9995;24;;;;;10005;24;;;;;10000.0;740.0
-1;63300;BANANAS;4943;28;;;;;4950;28;;;;;4946.5;678.3008
-1;63300;PEARLS;9996;2;9995;26;;;10004;2;10005;26;;;10000.0;740.0
-1;63400;PEARLS;9996;1;9995;30;;;10002;9;10004;1;10005;30;9999.0;740.0
-1;63400;BANANAS;4943;31;;;;;4948;9;4950;31;;;4945.5;677.3711
-1;63500;PEARLS;9996;2;9995;30;;;9998;1;10002;3;10004;2;9997.0;740.0
-1;63500;BANANAS;4943;32;;;;;4948;3;4950;32;;;4945.5;677.1133
-1;63600;BANANAS;4943;31;;;;;4948;6;4950;31;;;4945.5;677.0
-1;63600;PEARLS;9996;1;9995;30;;;10002;6;10004;1;10005;30;9999.0;742.0
-1;63700;PEARLS;9998;8;9996;2;9995;22;10004;2;10005;22;;;10001.0;742.0
-1;63700;BANANAS;4944;8;4943;24;;;4949;2;4950;22;;;4946.5;678.5078
-1;63800;PEARLS;9996;2;9995;26;;;10004;2;10005;26;;;10000.0;742.0
-1;63800;BANANAS;4943;1;4942;26;;;4949;28;;;;;4946.0;682.8164
-1;63900;PEARLS;9995;25;;;;;10002;3;10005;25;;;9998.5;742.0
-1;63900;BANANAS;4942;24;;;;;4947;3;4949;25;;;4944.5;684.666
-1;64000;BANANAS;4942;31;;;;;4948;1;4949;30;;;4945.0;697.4492
-1;64000;PEARLS;9996;1;9995;30;;;10004;1;10005;30;;;10000.0;742.0
-1;64100;PEARLS;9995;29;;;;;10005;29;;;;;10000.0;742.0
-1;64100;BANANAS;4941;29;;;;;4948;29;;;;;4944.5;705.6406
-1;64200;PEARLS;9996;1;9995;23;;;10002;1;10004;1;10005;23;9999.0;742.0
-1;64200;BANANAS;4941;24;;;;;4946;1;4948;24;;;4943.5;706.84375
-1;64300;PEARLS;9995;29;;;;;10005;29;;;;;10000.0;742.0
-1;64300;BANANAS;4941;29;;;;;4948;29;;;;;4944.5;708.96875
-1;64400;BANANAS;4940;25;;;;;4947;26;;;;;4943.5;720.60156
-1;64400;PEARLS;9996;1;9995;25;;;10004;1;10005;25;;;10000.0;742.0
-1;64500;PEARLS;9998;1;9996;1;9995;30;10004;1;10005;30;;;10001.0;742.0
-1;64500;BANANAS;4942;1;4941;31;;;4947;1;4948;30;;;4944.5;718.2422
-1;64600;PEARLS;9996;1;9995;23;;;10004;1;10005;23;;;10000.0;742.0
-1;64600;BANANAS;4941;23;;;;;4948;24;;;;;4944.5;713.7422
-1;64700;BANANAS;4941;30;;;;;4946;1;4947;2;4948;28;4943.5;717.78906
-1;64700;PEARLS;9996;2;9995;28;;;10002;1;10004;2;10005;28;9999.0;742.0
-1;64800;BANANAS;4941;2;4940;26;;;4945;4;4947;28;;;4943.0;721.4844
-1;64800;PEARLS;9996;2;9995;26;;;10002;4;10004;2;10005;26;9999.0;742.0
-1;64900;BANANAS;4940;30;;;;;4941;1;4947;30;;;4940.5;725.6172
-1;64900;PEARLS;9995;30;;;;;10005;30;;;;;10000.0;742.0
-1;65000;PEARLS;9995;22;;;;;10002;3;10005;22;;;9998.5;742.0
-1;65000;BANANAS;4941;22;;;;;4946;3;4948;22;;;4943.5;721.59375
-1;65100;BANANAS;4942;9;4941;31;;;4947;31;;;;;4944.5;723.2422
-1;65100;PEARLS;9998;9;9996;2;9995;29;10004;2;10005;29;;;10001.0;742.0
-1;65200;BANANAS;4940;25;;;;;4947;25;;;;;4943.5;732.0625
-1;65200;PEARLS;10002;5;9995;25;;;10005;25;;;;;10003.5;743.0
-1;65300;BANANAS;4945;1;4941;3;4940;31;4946;2;4947;29;;;4945.5;736.4531
-1;65300;PEARLS;10002;1;9998;3;9996;2;10004;2;10005;29;;;10003.0;753.0
-1;65400;PEARLS;9996;1;9995;24;;;9998;1;10004;1;10005;24;9997.0;755.0
-1;65400;BANANAS;4940;25;;;;;4947;25;;;;;4943.5;730.96094
-1;65500;BANANAS;4941;2;4940;25;;;4945;6;4947;27;;;4943.0;727.7578
-1;65500;PEARLS;9996;2;9995;25;;;10002;6;10004;2;10005;25;9999.0;757.0
-1;65600;BANANAS;4941;8;4940;28;;;4947;28;;;;;4944.0;727.4375
-1;65600;PEARLS;9998;8;9995;28;;;10005;28;;;;;10001.5;757.0
-1;65700;BANANAS;4940;21;;;;;4947;21;;;;;4943.5;725.9453
-1;65700;PEARLS;9995;21;;;;;10005;21;;;;;10000.0;757.0
-1;65800;PEARLS;9995;29;;;;;10005;29;;;;;10000.0;757.0
-1;65800;BANANAS;4940;29;;;;;4947;29;;;;;4943.5;734.8203
-1;65900;BANANAS;4940;27;;;;;4946;1;4947;26;;;4943.0;739.4219
-1;65900;PEARLS;9996;1;9995;26;;;10004;1;10005;26;;;10000.0;757.0
-1;66000;BANANAS;4941;1;4940;20;;;4947;21;;;;;4944.0;728.9219
-1;66000;PEARLS;9996;1;9995;20;;;9998;2;10004;1;10005;20;9997.0;757.0
-1;66100;BANANAS;4940;22;;;;;4947;22;;;;;4943.5;739.3125
-1;66100;PEARLS;9995;22;;;;;10005;22;;;;;10000.0;765.0
-1;66200;PEARLS;9995;28;;;;;10005;28;;;;;10000.0;777.0
-1;66200;BANANAS;4940;28;;;;;4947;28;;;;;4943.5;739.77344
-1;66300;BANANAS;4940;25;;;;;4947;25;;;;;4943.5;735.1875
-1;66300;PEARLS;9995;25;;;;;9998;1;10005;25;;;9996.5;777.0
-1;66400;BANANAS;4940;29;;;;;4945;6;4947;29;;;4942.5;740.41406
-1;66400;PEARLS;9996;1;9995;28;;;10002;6;10004;1;10005;28;9999.0;779.0
-1;66500;BANANAS;4940;24;;;;;4941;1;4947;24;;;4940.5;738.03906
-1;66500;PEARLS;9996;2;9995;22;;;10004;2;10005;22;;;10000.0;779.0
-1;66600;PEARLS;9995;25;;;;;10002;8;10005;25;;;9998.5;779.0
-1;66600;BANANAS;4942;1;4939;25;;;4944;8;4946;25;;;4943.0;769.37695
-1;66700;BANANAS;4942;6;4940;1;4939;30;4946;30;;;;;4944.0;770.1387
-1;66700;PEARLS;9998;1;9995;30;;;10005;30;;;;;10001.5;779.0
-1;66800;BANANAS;4939;24;;;;;4945;2;4946;22;;;4942.0;771.7637
-1;66800;PEARLS;9996;2;9995;22;;;9998;1;10004;2;10005;22;9997.0;779.0
-1;66900;BANANAS;4938;29;;;;;4945;29;;;;;4941.5;773.5293
-1;66900;PEARLS;9996;1;9995;28;;;10004;1;10005;28;;;10000.0;781.0
-1;67000;PEARLS;10002;4;9996;2;9995;30;10004;2;10005;30;;;10003.0;781.0
-1;67000;BANANAS;4938;32;;;;;4939;5;4944;2;4945;30;4938.5;774.97266
-1;67100;BANANAS;4938;21;;;;;4943;4;4944;1;4945;21;4940.5;786.0405
-1;67100;PEARLS;9996;1;9995;21;;;10002;4;10004;1;10005;21;9999.0;789.0
-1;67200;BANANAS;4937;30;;;;;4943;30;;;;;4940.0;785.0254
-1;67200;PEARLS;9996;2;9995;28;;;10004;2;10005;28;;;10000.0;805.0
-1;67300;BANANAS;4937;26;;;;;4942;3;4944;26;;;4939.5;785.3032
-1;67300;PEARLS;9996;1;9995;25;;;10002;3;10004;1;10005;25;9999.0;805.0
-1;67400;PEARLS;9996;1;9995;29;;;9998;5;10004;1;10005;29;9997.0;805.0
-1;67400;BANANAS;4937;1;4936;29;;;4943;30;;;;;4940.0;819.3203
-1;67500;PEARLS;9996;1;9995;28;;;10004;1;10005;28;;;10000.0;809.0
-1;67500;BANANAS;4937;29;;;;;4944;29;;;;;4940.5;830.7422
-1;67600;BANANAS;4937;31;;;;;4944;31;;;;;4940.5;832.47656
-1;67600;PEARLS;9996;1;9995;30;;;10004;1;10005;30;;;10000.0;809.0
-1;67700;BANANAS;4938;2;4937;21;;;4944;21;;;;;4941.0;833.97656
-1;67700;PEARLS;10002;1;9998;2;9995;21;10005;21;;;;;10003.5;809.0
-1;67800;BANANAS;4938;23;;;;;4944;2;4945;21;;;4941.0;842.6406
-1;67800;PEARLS;9996;2;9995;21;;;9998;1;10004;2;10005;21;9997.0;811.0
-1;67900;PEARLS;9996;2;9995;20;;;10002;4;10004;2;10005;20;9999.0;813.0
-1;67900;BANANAS;4938;22;;;;;4942;4;4944;22;;;4940.0;839.9219
-1;68000;PEARLS;9995;30;;;;;10005;30;;;;;10000.0;813.0
-1;68000;BANANAS;4938;30;;;;;4945;30;;;;;4941.5;846.2656
-1;68100;BANANAS;4937;26;;;;;4944;26;;;;;4940.5;838.0469
-1;68100;PEARLS;9995;26;;;;;10005;26;;;;;10000.0;813.0
-1;68200;PEARLS;9996;2;9995;24;;;10004;2;10005;24;;;10000.0;813.0
-1;68200;BANANAS;4938;26;;;;;4941;5;4944;2;4945;24;4939.5;843.65625
-1;68300;PEARLS;9996;1;9995;26;;;10004;1;10005;26;;;10000.0;813.0
-1;68300;BANANAS;4937;27;;;;;4944;27;;;;;4940.5;835.9453
-1;68400;PEARLS;9998;6;9995;28;;;10005;28;;;;;10001.5;813.0
-1;68400;BANANAS;4938;6;4937;28;;;4944;28;;;;;4941.0;838.8906
-1;68500;BANANAS;4939;2;4938;24;;;4944;1;4945;23;;;4941.5;845.58594
-1;68500;PEARLS;9998;2;9996;1;9995;23;10004;1;10005;23;;;10001.0;813.0
-1;68600;PEARLS;9996;1;9995;30;;;10002;10;10004;1;10005;30;9999.0;813.0
-1;68600;BANANAS;4938;31;;;;;4943;10;4945;31;;;4940.5;849.2578
-1;68700;PEARLS;10002;1;9998;7;9996;2;10004;2;10005;27;;;10003.0;813.0
-1;68700;BANANAS;4939;7;4938;29;;;4944;2;4945;27;;;4941.5;843.8281
-1;68800;PEARLS;9995;23;;;;;10005;23;;;;;10000.0;815.0
-1;68800;BANANAS;4938;23;;;;;4945;23;;;;;4941.5;860.8096
-1;68900;BANANAS;4941;6;4938;21;;;4944;21;;;;;4942.5;860.0498
-1;68900;PEARLS;9995;21;;;;;10005;21;;;;;10000.0;815.0
-1;69000;BANANAS;4939;3;4938;21;;;4944;1;4945;20;;;4941.5;860.333
-1;69000;PEARLS;9998;3;9996;1;9995;20;10004;1;10005;20;;;10001.0;815.0
-1;69100;PEARLS;9995;21;;;;;10005;21;;;;;10000.0;815.0
-1;69100;BANANAS;4938;21;;;;;4945;21;;;;;4941.5;860.27734
-1;69200;PEARLS;9996;1;9995;26;;;10002;6;10004;1;10005;26;9999.0;815.0
-1;69200;BANANAS;4938;27;;;;;4943;6;4945;27;;;4940.5;860.91895
-1;69300;PEARLS;9996;2;9995;22;;;10004;2;10005;22;;;10000.0;815.0
-1;69300;BANANAS;4939;2;4938;22;;;4945;24;;;;;4942.0;861.7422
-1;69400;BANANAS;4939;1;4938;27;;;4945;28;;;;;4942.0;861.6865
-1;69400;PEARLS;10002;4;9996;1;9995;27;10004;1;10005;27;;;10003.0;815.0
-1;69500;PEARLS;10002;2;9998;3;9995;27;10005;27;;;;;10003.5;823.0
-1;69500;BANANAS;4939;3;4938;27;;;4945;27;;;;;4942.0;860.9834
-1;69600;PEARLS;9996;1;9995;24;;;10002;4;10004;1;10005;24;9999.0;827.0
-1;69600;BANANAS;4938;25;;;;;4943;4;4944;1;4945;24;4940.5;860.3096
-1;69700;PEARLS;9996;2;9995;27;;;10004;2;10005;27;;;10000.0;828.0
-1;69700;BANANAS;4938;2;4937;27;;;4944;29;;;;;4941.0;861.9551
-1;69800;BANANAS;4938;1;4937;26;;;4944;28;;;;;4941.0;861.7827
-1;69800;PEARLS;9996;2;9995;26;;;10004;2;10005;26;;;10000.0;828.0
-1;69900;PEARLS;9995;26;;;;;10005;26;;;;;10000.0;828.0
-1;69900;BANANAS;4937;26;;;;;4944;26;;;;;4940.5;861.65576
-1;70000;PEARLS;9998;10;9996;1;9995;28;10004;1;10005;28;;;10001.0;828.0
-1;70000;BANANAS;4938;10;4937;29;;;4944;29;;;;;4941.0;861.56885
-1;70100;PEARLS;9995;27;;;;;10002;6;10005;27;;;9998.5;828.0
-1;70100;BANANAS;4937;27;;;;;4942;6;4944;27;;;4939.5;861.2617
-1;70200;BANANAS;4937;1;4936;25;;;4943;26;;;;;4940.0;860.8589
-1;70200;PEARLS;9996;1;9995;25;;;10000;3;10004;1;10005;25;9998.0;828.0
-1;70300;PEARLS;9995;25;;;;;10005;25;;;;;10000.0;828.0
-1;70300;BANANAS;4936;25;;;;;4942;25;;;;;4939.0;860.0254
-1;70400;PEARLS;9996;2;9995;29;;;10002;4;10004;2;10005;29;9999.0;828.0
-1;70400;BANANAS;4936;2;4935;29;;;4940;9;4942;31;;;4938.0;859.78906
-1;70500;PEARLS;9995;24;;;;;10005;24;;;;;10000.0;828.0
-1;70500;BANANAS;4936;24;;;;;4943;24;;;;;4939.5;860.312
-1;70600;BANANAS;4941;1;4936;2;4935;27;4942;29;;;;;4941.5;859.7837
-1;70600;PEARLS;9996;2;9995;27;;;10004;2;10005;27;;;10000.0;828.0
-1;70700;PEARLS;9995;24;;;;;10002;2;10005;24;;;9998.5;838.0
-1;70700;BANANAS;4935;24;;;;;4940;2;4942;24;;;4937.5;862.0
-1;70800;PEARLS;9996;2;9995;30;;;9998;1;10004;2;10005;30;9997.0;840.0
-1;70800;BANANAS;4935;31;;;;;4942;32;;;;;4938.5;865.27246
-1;70900;PEARLS;9995;29;;;;;10005;29;;;;;10000.0;842.0
-1;70900;BANANAS;4934;29;;;;;4941;29;;;;;4937.5;866.5078
-1;71000;BANANAS;4940;1;4935;2;4934;29;4941;31;;;;;4940.5;867.83594
-1;71000;PEARLS;9996;2;9995;29;;;10004;2;10005;29;;;10000.0;855.0
-1;71100;PEARLS;9996;2;9995;20;;;10004;2;10005;20;;;10000.0;855.0
-1;71100;BANANAS;4934;22;;;;;4935;7;4941;22;;;4934.5;870.541
-1;71200;PEARLS;9996;2;9995;24;;;10004;2;10005;24;;;10000.0;855.0
-1;71200;BANANAS;4935;2;4934;24;;;4941;26;;;;;4938.0;889.3086
-1;71300;PEARLS;9995;20;;;;;10005;20;;;;;10000.0;855.0
-1;71300;BANANAS;4935;20;;;;;4942;20;;;;;4938.5;891.1924
-1;71400;BANANAS;4934;30;;;;;4941;30;;;;;4937.5;889.5957
-1;71400;PEARLS;9998;1;9995;30;;;10005;30;;;;;10001.5;855.0
-1;71500;PEARLS;9996;1;9995;30;;;10004;1;10005;30;;;10000.0;855.0
-1;71500;BANANAS;4936;31;;;;;4942;1;4943;30;;;4939.0;893.5371
-1;71600;PEARLS;9995;22;;;;;10005;22;;;;;10000.0;855.0
-1;71600;BANANAS;4936;22;;;;;4943;22;;;;;4939.5;894.2627
-1;71700;PEARLS;9995;28;;;;;10005;28;;;;;10000.0;855.0
-1;71700;BANANAS;4936;28;;;;;4943;28;;;;;4939.5;894.6992
-1;71800;BANANAS;4937;2;4936;20;;;4943;22;;;;;4940.0;895.5752
-1;71800;PEARLS;9996;2;9995;20;;;10004;2;10005;20;;;10000.0;855.0
-1;71900;PEARLS;9996;2;9995;20;;;10004;2;10005;20;;;10000.0;855.0
-1;71900;BANANAS;4937;2;4936;20;;;4939;5;4943;22;;;4938.0;895.8037
-1;72000;PEARLS;9995;29;;;;;10002;8;10005;29;;;9998.5;855.0
-1;72000;BANANAS;4937;29;;;;;4942;8;4944;29;;;4939.5;897.2051
-1;72100;BANANAS;4937;28;;;;;4938;3;4942;1;4943;28;4937.5;896.08984
-1;72100;PEARLS;9996;2;9995;26;;;10002;1;10004;2;10005;26;9999.0;855.0
-1;72200;BANANAS;4936;21;;;;;4943;21;;;;;4939.5;898.56055
-1;72200;PEARLS;9996;1;9995;20;;;10004;1;10005;20;;;10000.0;855.0
-1;72300;BANANAS;4936;30;;;;;4942;30;;;;;4939.0;915.4297
-1;72300;PEARLS;9996;1;9995;29;;;10004;1;10005;29;;;10000.0;855.0
-1;72400;PEARLS;9995;24;;;;;10005;24;;;;;10000.0;855.0
-1;72400;BANANAS;4935;24;;;;;4942;24;;;;;4938.5;914.84375
-1;72500;PEARLS;9996;2;9995;28;;;10004;2;10005;28;;;10000.0;855.0
-1;72500;BANANAS;4936;30;;;;;4942;30;;;;;4939.0;915.5
-1;72600;BANANAS;4938;4;4936;2;4935;22;4942;24;;;;;4940.0;913.40625
-1;72600;PEARLS;9996;2;9995;22;;;10004;2;10005;22;;;10000.0;856.0
-1;72700;PEARLS;9995;29;;;;;10005;29;;;;;10000.0;856.0
-1;72700;BANANAS;4936;29;;;;;4943;29;;;;;4939.5;921.15625
-1;72800;PEARLS;9995;30;;;;;10005;30;;;;;10000.0;856.0
-1;72800;BANANAS;4936;30;;;;;4943;30;;;;;4939.5;925.6172
-1;72900;PEARLS;9996;1;9995;23;;;10004;1;10005;23;;;10000.0;856.0
-1;72900;BANANAS;4937;1;4936;23;;;4943;24;;;;;4940.0;929.39844
-1;73000;BANANAS;4937;26;;;;;4943;2;4944;24;;;4940.0;933.21094
-1;73000;PEARLS;9996;2;9995;24;;;10004;2;10005;24;;;10000.0;856.0
-1;73100;PEARLS;9996;2;9995;24;;;10002;5;10004;2;10005;24;9999.0;856.0
-1;73100;BANANAS;4937;26;;;;;4942;5;4943;2;4944;24;4939.5;935.22656
-1;73200;PEARLS;9996;1;9995;30;;;10004;1;10005;30;;;10000.0;856.0
-1;73200;BANANAS;4938;1;4937;30;;;4944;31;;;;;4941.0;946.09375
-1;73300;PEARLS;9996;2;9995;22;;;10004;2;10005;22;;;10000.0;856.0
-1;73300;BANANAS;4941;2;4937;24;;;4944;24;;;;;4942.5;939.6094
-1;73400;BANANAS;4938;30;;;;;4943;6;4944;1;4945;29;4940.5;947.9844
-1;73400;PEARLS;9996;1;9995;29;;;9998;1;10002;6;10004;1;9997.0;856.0
-1;73500;BANANAS;4938;21;;;;;4945;21;;;;;4941.5;954.2344
-1;73500;PEARLS;9995;21;;;;;9998;1;10005;21;;;9996.5;858.0
-1;73600;PEARLS;10002;1;9995;21;;;10005;21;;;;;10003.5;860.0
-1;73600;BANANAS;4937;21;;;;;4944;21;;;;;4940.5;943.4219
-1;73700;BANANAS;4943;1;4937;20;;;4944;20;;;;;4943.5;941.6172
-1;73700;PEARLS;9995;20;;;;;9998;10;10005;20;;;9996.5;862.0
-1;73800;BANANAS;4938;6;4937;27;;;4944;27;;;;;4941.0;944.1406
-1;73800;PEARLS;10002;1;9998;6;9995;27;10005;27;;;;;10003.5;862.0
-1;73900;BANANAS;4939;3;4938;24;;;4944;2;4945;22;;;4941.5;951.21875
-1;73900;PEARLS;9998;3;9996;2;9995;22;10004;2;10005;22;;;10001.0;864.0
-1;74000;PEARLS;9995;21;;;;;10005;21;;;;;10000.0;864.0
-1;74000;BANANAS;4938;21;;;;;4941;3;4945;21;;;4939.5;951.5625
-1;74100;BANANAS;4939;2;4938;26;;;4944;2;4945;24;;;4941.5;951.9219
-1;74100;PEARLS;9998;2;9996;2;9995;24;10004;2;10005;24;;;10001.0;864.0
-1;74200;BANANAS;4938;29;;;;;4945;29;;;;;4941.5;949.5469
-1;74200;PEARLS;9995;29;;;;;10005;29;;;;;10000.0;864.0
-1;74300;BANANAS;4938;13;;;;;4944;24;;;;;4941.0;948.65625
-1;74300;PEARLS;9995;24;;;;;10005;24;;;;;10000.0;864.0
-1;74400;PEARLS;9995;21;;;;;10005;21;;;;;10000.0;864.0
-1;74400;BANANAS;4938;21;;;;;4939;1;4945;21;;;4938.5;955.6875
-1;74500;BANANAS;4941;1;4938;27;;;4945;27;;;;;4943.0;956.1406
-1;74500;PEARLS;9995;27;;;;;10005;27;;;;;10000.0;864.0
-1;74600;BANANAS;4938;28;;;;;4944;29;;;;;4941.0;950.6875
-1;74600;PEARLS;9996;2;9995;27;;;10004;2;10005;27;;;10000.0;864.0
-1;74700;BANANAS;4938;2;4937;20;;;4944;22;;;;;4941.0;948.8203
-1;74700;PEARLS;9996;2;9995;20;;;9998;1;10004;2;10005;20;9997.0;869.0
-1;74800;PEARLS;9996;2;9995;22;;;9998;2;10004;2;10005;22;9997.0;871.0
-1;74800;BANANAS;4938;2;4937;22;;;4944;24;;;;;4941.0;947.4531
-1;74900;BANANAS;4937;22;;;;;4942;3;4943;1;4944;21;4939.5;937.8281
-1;74900;PEARLS;9996;1;9995;21;;;9998;1;10002;3;10004;1;9997.0;875.0
-1;75000;BANANAS;4937;2;4936;23;;;4943;25;;;;;4940.0;933.5547
-1;75000;PEARLS;9996;2;9995;23;;;10004;2;10005;23;;;10000.0;877.0
-1;75100;BANANAS;4937;7;4936;21;;;4943;23;;;;;4940.0;933.71875
-1;75100;PEARLS;10002;1;10000;4;9998;5;10004;2;10005;21;;;10003.0;877.0
-1;75200;PEARLS;9996;1;9995;28;;;10004;1;10005;28;;;10000.0;879.0
-1;75200;BANANAS;4941;13;4937;29;;;4943;29;;;;;4942.0;935.6875
-1;75300;BANANAS;4936;27;;;;;4937;1;4943;27;;;4936.5;958.4961
-1;75300;PEARLS;9995;27;;;;;10005;27;;;;;10000.0;879.0
-1;75400;BANANAS;4941;5;4937;28;;;4943;2;4944;26;;;4942.0;964.1211
-1;75400;PEARLS;9996;2;9995;26;;;10004;2;10005;26;;;10000.0;879.0
-1;75500;BANANAS;4937;1;4936;23;;;4943;24;;;;;4940.0;961.0703
-1;75500;PEARLS;9996;1;9995;23;;;10004;1;10005;23;;;10000.0;879.0
-1;75600;PEARLS;9995;30;;;;;10002;9;10005;30;;;9998.5;879.0
-1;75600;BANANAS;4937;30;;;;;4941;9;4943;30;;;4939.0;961.76953
-1;75700;BANANAS;4937;20;;;;;4941;1;4943;20;;;4939.0;962.1406
-1;75700;PEARLS;9995;20;;;;;10002;1;10005;20;;;9998.5;879.0
-1;75800;BANANAS;4936;31;;;;;4942;2;4943;29;;;4939.0;954.5508
-1;75800;PEARLS;9996;2;9995;29;;;10004;2;10005;29;;;10000.0;879.0
-1;75900;BANANAS;4936;21;;;;;4939;1;4943;21;;;4937.5;958.7344
-1;75900;PEARLS;9996;1;9995;20;;;10004;1;10005;20;;;10000.0;880.0
-1;76000;PEARLS;10000;4;9995;21;;;10002;9;10005;21;;;10001.0;880.0
-1;76000;BANANAS;4936;21;;;;;4941;9;4943;21;;;4938.5;959.4922
-1;76100;BANANAS;4936;26;;;;;4943;26;;;;;4939.5;980.3203
-1;76100;PEARLS;9996;1;9995;25;;;10004;1;10005;25;;;10000.0;880.0
-1;76200;BANANAS;4936;20;;;;;4943;20;;;;;4939.5;985.375
-1;76200;PEARLS;9995;20;;;;;10005;20;;;;;10000.0;880.0
-1;76300;BANANAS;4936;21;;;;;4943;22;;;;;4939.5;975.1719
-1;76300;PEARLS;9996;1;9995;21;;;9998;12;10004;1;10005;21;9997.0;880.0
-1;76400;BANANAS;4935;28;;;;;4942;28;;;;;4938.5;962.25
-1;76400;PEARLS;9996;2;9995;26;;;10004;2;10005;26;;;10000.0;880.0
-1;76500;PEARLS;9996;1;9995;20;;;10004;1;10005;20;;;10000.0;880.0
-1;76500;BANANAS;4935;21;;;;;4941;1;4942;20;;;4938.0;950.0547
-1;76600;BANANAS;4940;1;4934;30;;;4941;30;;;;;4940.5;943.1875
-1;76600;PEARLS;9995;30;;;;;10005;30;;;;;10000.0;880.0
-1;76700;BANANAS;4936;1;4935;26;;;4941;1;4942;25;;;4938.5;954.0
-1;76700;PEARLS;9998;1;9996;1;9995;25;10004;1;10005;25;;;10001.0;880.0
-1;76800;PEARLS;9996;2;9995;25;;;10004;2;10005;25;;;10000.0;880.0
-1;76800;BANANAS;4935;26;;;;;4942;27;;;;;4938.5;959.16406
-1;76900;PEARLS;9996;2;9995;21;;;10004;2;10005;21;;;10000.0;880.0
-1;76900;BANANAS;4935;23;;;;;4942;23;;;;;4938.5;958.66406
-1;77000;PEARLS;9996;2;9995;30;;;10004;2;10005;30;;;10000.0;880.0
-1;77000;BANANAS;4935;32;;;;;4941;2;4942;30;;;4938.0;954.0781
-1;77100;BANANAS;4935;29;;;;;4942;30;;;;;4938.5;959.09375
-1;77100;PEARLS;9996;1;9995;29;;;10004;1;10005;29;;;10000.0;880.0
-1;77200;PEARLS;9996;1;9995;29;;;10004;1;10005;29;;;10000.0;880.0
-1;77200;BANANAS;4935;1;4934;29;;;4941;30;;;;;4938.0;946.5
-1;77300;PEARLS;9996;1;9995;23;;;10004;1;10005;23;;;10000.0;880.0
-1;77300;BANANAS;4935;24;;;;;4941;1;4942;23;;;4938.0;954.5
-1;77400;PEARLS;9996;1;9995;21;;;10004;1;10005;21;;;10000.0;880.0
-1;77400;BANANAS;4935;1;4934;21;;;4941;22;;;;;4938.0;950.16406
-1;77500;BANANAS;4935;28;;;;;4941;2;4942;26;;;4938.0;953.4297
-1;77500;PEARLS;9996;2;9995;26;;;9998;3;10004;2;10005;26;9997.0;880.0
-1;77600;PEARLS;9996;1;9995;30;;;10004;1;10005;30;;;10000.0;886.0
-1;77600;BANANAS;4935;31;;;;;4941;1;4942;30;;;4938.0;952.28125
-1;77700;PEARLS;9998;4;9995;28;;;10005;28;;;;;10001.5;886.0
-1;77700;BANANAS;4935;5;4934;28;;;4941;28;;;;;4938.0;943.39844
-1;77800;PEARLS;9995;29;;;;;10005;29;;;;;10000.0;886.0
-1;77800;BANANAS;4934;29;;;;;4941;29;;;;;4937.5;947.6172
-1;77900;PEARLS;9996;2;9995;24;;;9998;1;10004;2;10005;24;9997.0;886.0
-1;77900;BANANAS;4935;26;;;;;4942;26;;;;;4938.5;963.52344
-1;78000;BANANAS;4936;1;4935;28;;;4942;28;;;;;4939.0;964.3906
-1;78000;PEARLS;9998;2;9996;1;9995;27;10004;1;10005;27;;;10001.0;888.0
-1;78100;PEARLS;10002;1;9998;4;9996;1;10004;1;10005;30;;;10003.0;888.0
-1;78100;BANANAS;4936;4;4935;31;;;4942;31;;;;;4939.0;963.0078
-1;78200;PEARLS;9998;8;9996;1;9995;27;10004;1;10005;27;;;10001.0;890.0
-1;78200;BANANAS;4936;8;4935;28;;;4942;28;;;;;4939.0;956.7422
-1;78300;PEARLS;9998;3;9995;28;;;10005;28;;;;;10001.5;890.0
-1;78300;BANANAS;4936;3;4935;28;;;4942;28;;;;;4939.0;955.60156
-1;78400;BANANAS;4935;28;;;;;4942;28;;;;;4938.5;962.66406
-1;78400;PEARLS;9996;2;9995;26;;;10004;2;10005;26;;;10000.0;890.0
-1;78500;PEARLS;9995;21;;;;;10005;21;;;;;10000.0;897.0
-1;78500;BANANAS;4934;21;;;;;4941;21;;;;;4937.5;949.6172
-1;78600;PEARLS;9996;2;9995;30;;;10004;2;10005;30;;;10000.0;897.0
-1;78600;BANANAS;4935;32;;;;;4941;2;4942;30;;;4938.0;952.3203
-1;78700;PEARLS;9995;21;;;;;10005;21;;;;;10000.0;913.0
-1;78700;BANANAS;4934;21;;;;;4941;21;;;;;4937.5;942.78906
-1;78800;BANANAS;4940;1;4937;2;4935;2;4941;29;;;;;4940.5;947.0
-1;78800;PEARLS;10002;8;9996;2;9995;27;10004;2;10005;27;;;10003.0;913.0
-1;78900;PEARLS;9996;1;9995;29;;;10004;1;10005;29;;;10000.0;929.0
-1;78900;BANANAS;4935;30;;;;;4941;1;4942;29;;;4938.0;957.21875
-1;79000;PEARLS;9996;1;9995;23;;;10004;1;10005;23;;;10000.0;929.0
-1;79000;BANANAS;4935;24;;;;;4941;1;4942;23;;;4938.0;954.71875
-1;79100;PEARLS;9995;24;;;;;10005;24;;;;;10000.0;929.0
-1;79100;BANANAS;4934;24;;;;;4935;1;4941;24;;;4934.5;944.4922
-1;79200;BANANAS;4934;26;;;;;4935;3;4941;26;;;4934.5;943.8281
