day;timestamp;product;bid_price_1;bid_volume_1;bid_price_2;bid_volume_2;bid_price_3;bid_volume_3;ask_price_1;ask_volume_1;ask_price_2;ask_volume_2;ask_price_3;ask_volume_3;mid_price;profit_and_loss
-1;0;PEARLS;9998;1;9995;30;;;10005;30;;;;;10001.5;0.0
-1;0;BANANAS;4946;1;4945;30;;;4952;30;;;;;4949.0;0.0
-1;100;PEARLS;9996;1;9995;30;;;10002;6;10004;1;10005;30;9999.0;0.0
-1;100;BANANAS;4945;31;;;;;4950;7;4952;31;;;4947.5;0.0
-1;200;BANANAS;4945;22;;;;;4951;1;4952;21;;;4948.0;0.0
-1;200;PEARLS;9996;1;9995;21;;;10004;1;10005;21;;;10000.0;0.0
-1;300;PEARLS;9996;2;9995;23;;;9998;3;10004;2;10005;23;9997.0;0.0
-1;300;BANANAS;4945;25;;;;;4952;25;;;;;4948.5;0.0
-1;400;PEARLS;9998;5;9996;2;9995;23;10004;2;10005;23;;;10001.0;6.0
-1;400;BANANAS;4946;5;4945;25;;;4952;25;;;;;4949.0;0.0
-1;500;PEARLS;10002;1;9996;2;9995;22;10004;2;10005;22;;;10003.0;6.0
-1;500;BANANAS;4945;24;;;;;4952;24;;;;;4948.5;6.0039062
-1;600;BANANAS;4946;2;4945;24;;;4950;9;4952;26;;;4948.0;2.7734375
-1;600;PEARLS;9996;2;9995;24;;;10002;9;10004;2;10005;24;9999.0;9.0
-1;700;PEARLS;9998;7;9995;27;;;10005;27;;;;;10001.5;9.0
-1;700;BANANAS;4946;7;4945;27;;;4952;27;;;;;4949.0;4.765625
-1;800;PEARLS;9995;26;;;;;10005;26;;;;;10000.0;9.0
-1;800;BANANAS;4944;26;;;;;4951;26;;;;;4947.5;16.953125
-1;900;BANANAS;4944;2;4943;27;;;4950;29;;;;;4947.0;22.300781
-1;900;PEARLS;9996;2;9995;27;;;10004;2;10005;27;;;10000.0;9.0
-1;1000;BANANAS;4944;28;;;;;4950;2;4951;26;;;4947.0;19.667969
-1;1000;PEARLS;9996;2;9995;26;;;10004;2;10005;26;;;10000.0;9.0
-1;1100;BANANAS;4944;25;;;;;4950;2;4951;23;;;4947.0;18.992188
-1;1100;PEARLS;9996;2;9995;23;;;10004;2;10005;23;;;10000.0;9.0
-1;1200;PEARLS;9998;9;9996;2;9995;28;10004;2;10005;28;;;10001.0;9.0
-1;1200;BANANAS;4945;9;4944;30;;;4951;30;;;;;4948.0;15.4375
-1;1300;PEARLS;9996;1;9995;27;;;10004;1;10005;27;;;10000.0;9.0
-1;1300;BANANAS;4944;28;;;;;4946;4;4951;28;;;4945.0;13.363281
-1;1400;BANANAS;4945;25;;;;;4951;2;4952;24;;;4948.0;16.742188
-1;1400;PEARLS;9996;2;9995;24;;;10004;2;10005;24;;;10000.0;9.0
-1;1500;PEARLS;10002;1;9996;2;9995;20;10004;2;10005;20;;;10003.0;9.0
-1;1500;BANANAS;4950;1;4945;2;4944;20;4951;22;;;;;4950.5;19.15625
-1;1600;PEARLS;9996;1;9995;22;;;10004;1;10005;22;;;10000.0;11.0
-1;1600;BANANAS;4945;23;;;;;4951;1;4952;22;;;4948.0;18.976562
-1;1700;PEARLS;9995;27;;;;;10005;27;;;;;10000.0;11.0
-1;1700;BANANAS;4945;27;;;;;4948;2;4952;27;;;4946.5;13.402344
-1;1800;BANANAS;4946;2;4945;25;;;4952;27;;;;;4949.0;14.519531
-1;1800;PEARLS;9996;2;9995;25;;;10004;2;10005;25;;;10000.0;17.0
-1;1900;PEARLS;9996;2;9995;29;;;10004;2;10005;29;;;10000.0;17.0
-1;1900;BANANAS;4945;31;;;;;4952;31;;;;;4948.5;18.023438
-1;2000;PEARLS;9996;1;9995;25;;;10002;7;10004;1;10005;25;9999.0;17.0
-1;2000;BANANAS;4945;26;;;;;4950;7;4951;1;4952;25;4947.5;18.289062
-1;2100;PEARLS;9995;23;;;;;10005;23;;;;;10000.0;17.0
-1;2100;BANANAS;4945;23;;;;;4952;23;;;;;4948.5;16.996094
-1;2200;BANANAS;4945;32;;;;;4952;32;;;;;4948.5;15.105469
-1;2200;PEARLS;9996;2;9995;30;;;10004;2;10005;30;;;10000.0;17.0
-1;2300;PEARLS;9996;2;9995;22;;;10004;2;10005;22;;;10000.0;17.0
-1;2300;BANANAS;4946;2;4945;22;;;4952;24;;;;;4949.0;14.5703125
-1;2400;PEARLS;9998;4;9996;2;9995;23;10004;2;10005;23;;;10001.0;17.0
-1;2400;BANANAS;4951;3;4948;4;4947;25;4953;2;4954;23;;;4952.0;-9.765625
-1;2500;BANANAS;4947;1;4946;20;;;4948;5;4953;21;;;4947.5;-3.03125
-1;2500;PEARLS;9996;1;9995;20;;;10004;1;10005;20;;;10000.0;17.0
-1;2600;BANANAS;4946;25;;;;;4953;25;;;;;4949.5;10.390625
-1;2600;PEARLS;9995;25;;;;;10005;25;;;;;10000.0;17.0
-1;2700;BANANAS;4947;10;4946;24;;;4953;25;;;;;4950.0;6.1171875
-1;2700;PEARLS;9998;4;9996;1;9995;24;10004;1;10005;24;;;10001.0;17.0
-1;2800;PEARLS;9998;5;9995;29;;;10005;29;;;;;10001.5;17.0
-1;2800;BANANAS;4952;1;4947;5;4946;29;4953;29;;;;;4952.5;9.3359375
-1;2900;BANANAS;4946;25;;;;;4953;25;;;;;4949.5;14.6171875
-1;2900;PEARLS;10002;10;9996;2;9995;23;10004;2;10005;23;;;10003.0;17.0
-1;3000;BANANAS;4946;31;;;;;4953;31;;;;;4949.5;13.921875
-1;3000;PEARLS;9996;2;9995;29;;;10004;2;10005;29;;;10000.0;37.0
-1;3100;BANANAS;4947;27;;;;;4953;2;4954;26;;;4950.0;3.703125
-1;3100;PEARLS;9996;2;9995;26;;;10004;2;10005;26;;;10000.0;37.0
-1;3200;PEARLS;9996;2;9995;30;;;10002;6;10004;2;10005;30;9999.0;37.0
-1;3200;BANANAS;4947;2;4946;30;;;4951;6;4953;32;;;4949.0;7.5703125
-1;3300;BANANAS;4946;28;;;;;4953;28;;;;;4949.5;16.390625
-1;3300;PEARLS;9996;2;9995;26;;;10004;2;10005;26;;;10000.0;37.0
-1;3400;BANANAS;4946;29;;;;;4953;29;;;;;4949.5;14.0078125
-1;3400;PEARLS;9996;2;9995;27;;;10004;2;10005;27;;;10000.0;57.0
-1;3500;BANANAS;4946;30;;;;;4951;9;4953;30;;;4948.5;11.0234375
-1;3500;PEARLS;9996;2;9995;28;;;10002;9;10004;2;10005;28;9999.0;57.0
-1;3600;PEARLS;9995;21;;;;;9998;1;10005;21;;;9996.5;57.0
-1;3600;BANANAS;4947;21;;;;;4954;21;;;;;4950.5;1.203125
-1;3700;BANANAS;4947;31;;;;;4952;6;4953;2;4954;29;4949.5;1.2734375
-1;3700;PEARLS;9996;2;9995;29;;;10000;5;10002;7;10004;2;9998.0;59.0
-1;3800;BANANAS;4947;30;;;;;4953;1;4954;29;;;4950.0;1.8984375
-1;3800;PEARLS;10002;1;9996;1;9995;29;10004;1;10005;29;;;10003.0;59.0
-1;3900;BANANAS;4948;1;4947;25;;;4954;25;;;;;4951.0;3.796875
-1;3900;PEARLS;9998;1;9995;25;;;10005;25;;;;;10001.5;61.0
-1;4000;PEARLS;10002;9;9996;2;9995;27;10004;2;10005;27;;;10003.0;61.0
-1;4000;BANANAS;4947;29;;;;;4953;2;4954;27;;;4950.0;4.21875
-1;4100;BANANAS;4946;24;;;;;4953;24;;;;;4949.5;9.8671875
-1;4100;PEARLS;9996;1;9995;23;;;10004;1;10005;23;;;10000.0;79.0
-1;4200;BANANAS;4946;28;;;;;4947;12;4953;28;;;4946.5;10.109375
-1;4200;PEARLS;9996;2;9995;26;;;10004;2;10005;26;;;10000.0;79.0
-1;4300;BANANAS;4946;31;;;;;4952;2;4953;29;;;4949.0;44.25
-1;4300;PEARLS;9996;2;9995;29;;;10004;2;10005;29;;;10000.0;79.0
-1;4400;PEARLS;9996;1;9995;26;;;9998;1;10004;1;10005;26;9997.0;87.0
-1;4400;BANANAS;4946;26;;;;;4953;27;;;;;4949.5;44.71289
-1;4500;BANANAS;4946;27;;;;;4953;27;;;;;4949.5;44.810547
-1;4500;PEARLS;9995;27;;;;;10005;27;;;;;10000.0;89.0
-1;4600;BANANAS;4946;22;;;;;4953;22;;;;;4949.5;44.456055
-1;4600;PEARLS;9996;1;9995;21;;;10004;1;10005;21;;;10000.0;89.0
-1;4700;BANANAS;4946;27;;;;;4947;8;4952;1;4953;26;4946.5;45.246094
-1;4700;PEARLS;9998;4;9996;1;9995;26;10004;1;10005;26;;;10001.0;89.0
-1;4800;PEARLS;10002;3;9996;1;9995;24;10004;1;10005;24;;;10003.0;89.0
-1;4800;BANANAS;4951;1;4946;25;;;4952;1;4953;24;;;4951.5;63.21289
-1;4900;BANANAS;4946;22;;;;;4952;22;;;;;4949.0;64.05859
-1;4900;PEARLS;9995;22;;;;;9998;4;10005;22;;;9996.5;95.0
-1;5000;BANANAS;4947;4;4946;22;;;4953;23;;;;;4950.0;66.916016
-1;5000;PEARLS;9998;3;9996;1;9995;22;10004;1;10005;22;;;10001.0;103.0
-1;5100;BANANAS;4947;9;4946;25;;;4948;2;4953;25;;;4947.5;67.796875
-1;5100;PEARLS;10002;1;9998;9;9995;25;10005;25;;;;;10003.5;103.0
-1;5200;PEARLS;9996;2;9995;22;;;10004;2;10005;22;;;10000.0;105.0
-1;5200;BANANAS;4947;2;4946;22;;;4953;24;;;;;4950.0;67.4082
-1;5300;PEARLS;9995;25;;;;;10005;25;;;;;10000.0;105.0
-1;5300;BANANAS;4947;25;;;;;4954;25;;;;;4950.5;68.24805
-1;5400;BANANAS;4947;27;;;;;4952;8;4954;27;;;4949.5;69.30078
-1;5400;PEARLS;9995;27;;;;;10000;6;10002;8;10005;27;9997.5;105.0
-1;5500;BANANAS;4947;30;;;;;4954;30;;;;;4950.5;69.521484
-1;5500;PEARLS;9996;1;9995;29;;;10004;1;10005;29;;;10000.0;105.0
-1;5600;BANANAS;4947;9;4946;26;;;4953;27;;;;;4950.0;67.55664
-1;5600;PEARLS;10002;1;9998;8;9996;1;10004;1;10005;26;;;10003.0;105.0
-1;5700;PEARLS;9998;4;9996;2;9995;23;10004;2;10005;23;;;10001.0;107.0
-1;5700;BANANAS;4950;2;4948;4;4947;25;4954;25;;;;;4952.0;70.46094
-1;5800;PEARLS;10002;1;9998;10;9995;24;10005;24;;;;;10003.5;107.0
-1;5800;BANANAS;4953;1;4948;10;4947;24;4954;24;;;;;4953.5;70.375
-1;5900;BANANAS;4947;21;;;;;4954;21;;;;;4950.5;72.30957
-1;5900;PEARLS;10000;5;9996;1;9995;20;10004;1;10005;20;;;10002.0;109.0
-1;6000;PEARLS;9996;2;9995;22;;;9998;4;10004;2;10005;22;9997.0;109.0
-1;6000;BANANAS;4947;24;;;;;4953;2;4954;22;;;4950.0;71.78516
-1;6100;PEARLS;9996;1;9995;24;;;10000;5;10002;2;10004;1;9998.0;117.0
-1;6100;BANANAS;4947;25;;;;;4952;2;4954;25;;;4949.5;72.7207
-1;6200;PEARLS;9996;1;9995;29;;;10004;1;10005;29;;;10000.0;117.0
-1;6200;BANANAS;4947;30;;;;;4948;13;4954;30;;;4947.5;72.322266
-1;6300;BANANAS;4947;25;;;;;4948;1;4954;25;;;4947.5;107.49219
-1;6300;PEARLS;9995;25;;;;;10005;25;;;;;10000.0;117.0
-1;6400;PEARLS;10000;4;9995;23;;;10005;23;;;;;10002.5;117.0
-1;6400;BANANAS;4947;23;;;;;4954;23;;;;;4950.5;113.35156
-1;6500;PEARLS;9995;20;;;;;10005;20;;;;;10000.0;117.0
-1;6500;BANANAS;4947;20;;;;;4954;20;;;;;4950.5;115.546875
-1;6600;PEARLS;9996;1;9995;26;;;10004;1;10005;26;;;10000.0;117.0
-1;6600;BANANAS;4948;27;;;;;4955;27;;;;;4951.5;119.99609
-1;6700;BANANAS;4948;28;;;;;4954;2;4955;26;;;4951.0;133.02734
-1;6700;PEARLS;10002;4;9996;2;9995;26;10004;2;10005;26;;;10003.0;117.0
-1;6800;BANANAS;4948;1;4947;24;;;4954;24;;;;;4951.0;137.66797
-1;6800;PEARLS;9998;1;9996;1;9995;23;10004;1;10005;23;;;10001.0;125.0
-1;6900;PEARLS;9995;28;;;;;10005;28;;;;;10000.0;145.0
-1;6900;BANANAS;4952;1;4951;4;4947;28;4954;28;;;;;4953.0;141.54492
-1;7000;PEARLS;10000;6;9998;7;9996;2;10004;2;10005;27;;;10002.0;145.0
-1;7000;BANANAS;4948;7;4947;29;;;4954;29;;;;;4951.0;145.38672
-1;7100;PEARLS;9996;1;9995;29;;;10004;1;10005;29;;;10000.0;145.0
-1;7100;BANANAS;4947;30;;;;;4954;30;;;;;4950.5;143.57422
-1;7200;BANANAS;4947;23;;;;;4954;23;;;;;4950.5;141.82031
-1;7200;PEARLS;9996;2;9995;21;;;10004;2;10005;21;;;10000.0;145.0
-1;7300;PEARLS;9996;2;9995;23;;;10002;4;10004;2;10005;23;9999.0;146.0
-1;7300;BANANAS;4947;25;;;;;4952;4;4954;25;;;4949.5;146.5
-1;7400;PEARLS;10002;1;9996;2;9995;28;10004;2;10005;28;;;10003.0;146.0
-1;7400;BANANAS;4947;30;;;;;4953;2;4954;28;;;4950.0;148.39844
-1;7500;PEARLS;9995;29;;;;;10005;29;;;;;10000.0;148.0
-1;7500;BANANAS;4947;29;;;;;4953;29;;;;;4950.0;149.76562
-1;7600;BANANAS;4946;26;;;;;4953;26;;;;;4949.5;156.75781
-1;7600;PEARLS;9996;2;9995;24;;;10004;2;10005;24;;;10000.0;148.0
-1;7700;PEARLS;9995;28;;;;;10005;28;;;;;10000.0;148.0
-1;7700;BANANAS;4951;1;4945;28;;;4952;28;;;;;4951.5;165.63672
-1;7800;PEARLS;9996;1;9995;22;;;10004;1;10005;22;;;10000.0;149.0
-1;7800;BANANAS;4951;1;4946;23;;;4952;1;4953;22;;;4951.5;162.51953
-1;7900;PEARLS;9996;1;9995;25;;;10002;4;10004;1;10005;25;9999.0;149.0
-1;7900;BANANAS;4946;1;4945;25;;;4950;4;4952;26;;;4948.0;170.17578
-1;8000;BANANAS;4945;23;;;;;4952;23;;;;;4948.5;170.80469
-1;8000;PEARLS;9996;1;9995;22;;;10004;1;10005;22;;;10000.0;149.0
-1;8100;PEARLS;9995;22;;;;;10005;22;;;;;10000.0;149.0
-1;8100;BANANAS;4945;22;;;;;4952;22;;;;;4948.5;174.1875
-1;8200;PEARLS;9995;20;;;;;9998;1;10002;2;10005;20;9996.5;149.0
-1;8200;BANANAS;4949;2;4945;20;;;4950;2;4952;20;;;4949.5;174.75781
-1;8300;PEARLS;10002;1;9998;6;9996;1;10004;1;10005;26;;;10003.0;151.0
-1;8300;BANANAS;4946;6;4945;27;;;4952;27;;;;;4949.0;177.09375
-1;8400;BANANAS;4945;26;;;;;4951;26;;;;;4948.0;181.28906
-1;8400;PEARLS;9995;26;;;;;10005;26;;;;;10000.0;153.0
-1;8500;PEARLS;9995;30;;;;;10005;30;;;;;10000.0;153.0
-1;8500;BANANAS;4947;5;4944;30;;;4951;30;;;;;4949.0;188.89844
-1;8600;PEARLS;9996;1;9995;22;;;10004;1;10005;22;;;10000.0;153.0
-1;8600;BANANAS;4944;23;;;;;4951;23;;;;;4947.5;190.42969
-1;8700;PEARLS;9996;1;9995;29;;;10004;1;10005;29;;;10000.0;153.0
-1;8700;BANANAS;4945;30;;;;;4946;1;4952;30;;;4945.5;175.86719
-1;8800;BANANAS;4945;23;;;;;4947;4;4952;23;;;4946.0;175.10156
-1;8800;PEARLS;9995;23;;;;;9998;12;10005;23;;;9996.5;153.0
-1;8900;PEARLS;10002;5;9996;1;9995;26;10004;1;10005;26;;;10003.0;177.0
-1;8900;BANANAS;4945;27;;;;;4952;27;;;;;4948.5;183.77734
-1;9000;PEARLS;9995;23;;;;;10002;7;10005;23;;;9998.5;187.0
-1;9000;BANANAS;4945;23;;;;;4950;7;4952;23;;;4947.5;181.1211
-1;9100;PEARLS;9996;1;9995;30;;;10004;1;10005;30;;;10000.0;187.0
-1;9100;BANANAS;4946;31;;;;;4949;3;4952;1;4953;30;4947.5;176.63281
-1;9200;BANANAS;4945;24;;;;;4950;3;4952;24;;;4947.5;179.8164
-1;9200;PEARLS;9995;24;;;;;10002;3;10005;24;;;9998.5;187.0
-1;9300;PEARLS;9995;23;;;;;10005;23;;;;;10000.0;187.0
-1;9300;BANANAS;4945;23;;;;;4952;23;;;;;4948.5;180.07031
-1;9400;PEARLS;9996;2;9995;22;;;10004;2;10005;22;;;10000.0;187.0
-1;9400;BANANAS;4946;24;;;;;4952;24;;;;;4949.0;178.15625
-1;9500;PEARLS;9998;9;9996;1;9995;28;10004;1;10005;28;;;10001.0;187.0
-1;9500;BANANAS;4946;10;4945;28;;;4952;29;;;;;4949.0;179.07812
-1;9600;BANANAS;4945;20;;;;;4946;1;4952;20;;;4945.5;180.65625
-1;9600;PEARLS;9995;20;;;;;10005;20;;;;;10000.0;187.0
-1;9700;PEARLS;9998;3;9995;25;;;10005;25;;;;;10001.5;187.0
-1;9700;BANANAS;4946;3;4945;25;;;4952;25;;;;;4949.0;181.29688
-1;9800;PEARLS;9995;21;;;;;10002;5;10005;21;;;9998.5;187.0
-1;9800;BANANAS;4945;21;;;;;4950;5;4952;21;;;4947.5;181.80469
-1;9900;BANANAS;4945;22;;;;;4952;22;;;;;4948.5;182.84375
-1;9900;PEARLS;9995;22;;;;;10005;22;;;;;10000.0;187.0
-1;10000;BANANAS;4946;8;4945;31;;;4952;31;;;;;4949.0;184.0
-1;10000;PEARLS;9998;8;9996;2;9995;29;10004;2;10005;29;;;10001.0;187.0
-1;10100;BANANAS;4945;22;;;;;4952;22;;;;;4948.5;182.89844
-1;10100;PEARLS;9995;22;;;;;10005;22;;;;;10000.0;187.0
-1;10200;PEARLS;9996;2;9995;23;;;10004;2;10005;23;;;10000.0;187.0
-1;10200;BANANAS;4946;25;;;;;4952;2;4953;23;;;4949.0;180.17969
-1;10300;PEARLS;9996;2;9995;20;;;10004;2;10005;20;;;10000.0;187.0
-1;10300;BANANAS;4946;2;4945;20;;;4947;4;4952;22;;;4946.5;181.6914
-1;10400;BANANAS;4946;30;;;;;4953;30;;;;;4949.5;186.56836
-1;10400;PEARLS;9995;30;;;;;10005;30;;;;;10000.0;189.0
-1;10500;PEARLS;9998;4;9996;1;9995;27;10004;1;10005;27;;;10001.0;189.0
-1;10500;BANANAS;4946;4;4945;28;;;4952;28;;;;;4949.0;192.88672
-1;10600;PEARLS;9995;23;;;;;9998;2;10002;6;10005;23;9996.5;189.0
-1;10600;BANANAS;4945;23;;;;;4950;6;4952;23;;;4947.5;192.75586
-1;10700;PEARLS;9998;1;9995;23;;;10005;23;;;;;10001.5;193.0
-1;10700;BANANAS;4946;1;4945;23;;;4952;23;;;;;4949.0;191.1836
-1;10800;BANANAS;4947;3;4946;23;;;4953;23;;;;;4950.0;186.81445
-1;10800;PEARLS;10002;1;9998;4;9995;23;10005;23;;;;;10003.5;193.0
-1;10900;PEARLS;9996;1;9995;29;;;10004;1;10005;29;;;10000.0;195.0
-1;10900;BANANAS;4947;1;4946;29;;;4953;30;;;;;4950.0;183.42969
-1;11000;PEARLS;9996;1;9995;29;;;10004;1;10005;29;;;10000.0;195.0
-1;11000;BANANAS;4946;30;;;;;4952;1;4953;29;;;4949.0;187.67578
-1;11100;PEARLS;9996;2;9995;29;;;10002;4;10004;2;10005;29;9999.0;195.0
-1;11100;BANANAS;4946;31;;;;;4951;4;4952;2;4953;29;4948.5;188.03516
-1;11200;BANANAS;4946;29;;;;;4952;1;4953;28;;;4949.0;187.83594
-1;11200;PEARLS;10002;1;9996;1;9995;28;10004;1;10005;28;;;10003.0;209.0
-1;11300;BANANAS;4950;1;4945;27;;;4952;27;;;;;4951.0;191.0332
-1;11300;PEARLS;9996;1;9995;26;;;10004;1;10005;26;;;10000.0;211.0
-1;11400;PEARLS;9998;2;9996;1;9995;23;10004;1;10005;23;;;10001.0;211.0
-1;11400;BANANAS;4946;3;4945;24;;;4951;1;4952;23;;;4948.5;196.03906
-1;11500;BANANAS;4945;2;4944;28;;;4951;29;;;;;4948.0;198.3711
-1;11500;PEARLS;9998;1;9996;1;9995;28;10004;1;10005;28;;;10001.0;211.0
-1;11600;BANANAS;4944;26;;;;;4951;26;;;;;4947.5;200.16797
-1;11600;PEARLS;9995;26;;;;;10005;26;;;;;10000.0;211.0
-1;11700;BANANAS;4944;22;;;;;4951;22;;;;;4947.5;199.0625
-1;11700;PEARLS;9996;1;9995;21;;;10004;1;10005;21;;;10000.0;211.0
-1;11800;PEARLS;9995;21;;;;;10005;21;;;;;10000.0;211.0
-1;11800;BANANAS;4944;21;;;;;4951;21;;;;;4947.5;198.71094
-1;11900;BANANAS;4944;25;;;;;4951;25;;;;;4947.5;203.24219
-1;11900;PEARLS;9995;25;;;;;10005;25;;;;;10000.0;211.0
-1;12000;BANANAS;4943;25;;;;;4950;25;;;;;4946.5;205.60938
-1;12000;PEARLS;9995;25;;;;;10005;25;;;;;10000.0;211.0
-1;12100;BANANAS;4943;22;;;;;4948;4;4949;2;4950;20;4945.5;210.46875
-1;12100;PEARLS;9996;2;9995;20;;;10002;3;10004;2;10005;20;9999.0;211.0
-1;12200;PEARLS;9998;10;9996;2;9995;26;10004;2;10005;26;;;10001.0;211.0
-1;12200;BANANAS;4944;10;4943;28;;;4950;28;;;;;4947.0;206.89453
-1;12300;BANANAS;4943;24;;;;;4950;24;;;;;4946.5;208.33594
-1;12300;PEARLS;9996;1;9995;23;;;10000;5;10004;1;10005;23;9998.0;211.0
-1;12400;BANANAS;4943;30;;;;;4949;1;4950;29;;;4946.0;209.33594
-1;12400;PEARLS;9996;1;9995;29;;;10004;1;10005;29;;;10000.0;211.0
-1;12500;BANANAS;4943;31;;;;;4949;2;4950;29;;;4946.0;209.3125
-1;12500;PEARLS;10002;5;9996;2;9995;29;10004;2;10005;29;;;10003.0;211.0
-1;12600;PEARLS;9998;5;9996;1;9995;30;10004;1;10005;30;;;10001.0;221.0
-1;12600;BANANAS;4944;5;4943;31;;;4949;31;;;;;4946.5;210.8164
-1;12700;BANANAS;4943;31;;;;;4950;31;;;;;4946.5;207.33203
-1;12700;PEARLS;9996;2;9995;29;;;10004;2;10005;29;;;10000.0;221.0
-1;12800;BANANAS;4943;31;;;;;4948;3;4950;31;;;4945.5;206.20312
-1;12800;PEARLS;9996;1;9995;30;;;10002;3;10004;1;10005;30;9999.0;221.0
-1;12900;BANANAS;4944;24;;;;;4950;24;;;;;4947.0;204.0586
-1;12900;PEARLS;9995;24;;;;;10005;24;;;;;10000.0;221.0
-1;13000;PEARLS;9995;27;;;;;10005;27;;;;;10000.0;221.0
-1;13000;BANANAS;4943;27;;;;;4950;27;;;;;4946.5;204.8164
-1;13100;BANANAS;4944;30;;;;;4950;2;4951;28;;;4947.0;203.28125
-1;13100;PEARLS;9996;2;9995;28;;;10004;2;10005;28;;;10000.0;221.0
-1;13200;BANANAS;4943;28;;;;;4950;28;;;;;4946.5;205.27734
-1;13200;PEARLS;9995;28;;;;;10005;28;;;;;10000.0;221.0
-1;13300;BANANAS;4949;1;4944;28;;;4950;2;4951;26;;;4949.5;203.46875
-1;13300;PEARLS;9996;2;9995;26;;;10004;2;10005;26;;;10000.0;221.0
-1;13400;PEARLS;10002;1;9996;1;9995;25;10004;1;10005;25;;;10003.0;221.0
-1;13400;BANANAS;4944;26;;;;;4950;1;4951;25;;;4947.0;204.94531
-1;13500;BANANAS;4947;4;4944;30;;;4949;9;4951;30;;;4948.0;202.02344
-1;13500;PEARLS;9996;1;9995;29;;;10002;9;10004;1;10005;29;9999.0;223.0
-1;13600;BANANAS;4944;25;;;;;4950;2;4951;23;;;4947.0;203.9961
-1;13600;PEARLS;9996;2;9995;23;;;10004;2;10005;23;;;10000.0;223.0
-1;13700;BANANAS;4947;5;4944;30;;;4949;7;4951;30;;;4948.0;203.61719
-1;13700;PEARLS;10000;2;9996;2;9995;28;10002;7;10004;2;10005;28;10001.0;223.0
-1;13800;PEARLS;9996;1;9995;24;;;10004;1;10005;24;;;10000.0;223.0
-1;13800;BANANAS;4943;25;;;;;4950;25;;;;;4946.5;211.33984
-1;13900;BANANAS;4942;20;;;;;4947;2;4949;20;;;4944.5;215.98047
-1;13900;PEARLS;9995;20;;;;;10002;2;10005;20;;;9998.5;223.0
-1;14000;BANANAS;4948;1;4943;1;4942;26;4949;27;;;;;4948.5;215.91016
-1;14000;PEARLS;9996;1;9995;26;;;10004;1;10005;26;;;10000.0;223.0
-1;14100;BANANAS;4942;24;;;;;4949;24;;;;;4945.5;223.05469
-1;14100;PEARLS;10000;3;9996;2;9995;22;10004;2;10005;22;;;10002.0;225.0
-1;14200;BANANAS;4942;24;;;;;4949;24;;;;;4945.5;223.55469
-1;14200;PEARLS;9996;2;9995;22;;;10004;2;10005;22;;;10000.0;225.0
-1;14300;PEARLS;9996;2;9995;28;;;10004;2;10005;28;;;10000.0;225.0
-1;14300;BANANAS;4943;30;;;;;4949;2;4950;28;;;4946.0;217.72656
-1;14400;BANANAS;4943;9;4942;23;;;4949;23;;;;;4946.0;220.36719
-1;14400;PEARLS;9998;9;9996;1;9995;22;10004;1;10005;22;;;10001.0;225.0
-1;14500;BANANAS;4943;22;;;;;4949;1;4950;22;;;4946.0;217.46484
-1;14500;PEARLS;9996;1;9995;22;;;10000;2;10004;1;10005;22;9998.0;225.0
-1;14600;PEARLS;9995;21;;;;;10002;3;10005;21;;;9998.5;225.0
-1;14600;BANANAS;4942;21;;;;;4947;3;4949;21;;;4944.5;220.00781
-1;14700;PEARLS;9998;5;9996;2;9995;24;10004;2;10005;24;;;10001.0;225.0
-1;14700;BANANAS;4943;7;4942;24;;;4949;26;;;;;4946.0;220.23828
-1;14800;PEARLS;9996;2;9995;21;;;10004;2;10005;21;;;10000.0;225.0
-1;14800;BANANAS;4943;1;4942;21;;;4949;23;;;;;4946.0;218.92188
-1;14900;BANANAS;4943;2;4942;28;;;4947;8;4949;30;;;4945.0;219.96094
-1;14900;PEARLS;9996;2;9995;28;;;10002;8;10004;2;10005;28;9999.0;225.0
-1;15000;PEARLS;9996;1;9995;22;;;10004;1;10005;22;;;10000.0;225.0
-1;15000;BANANAS;4942;23;;;;;4943;1;4949;23;;;4942.5;221.78125
-1;15100;PEARLS;10002;1;9996;1;9995;25;10004;1;10005;25;;;10003.0;225.0
-1;15100;BANANAS;4948;1;4943;1;4942;25;4949;26;;;;;4948.5;221.8164
-1;15200;PEARLS;9998;3;9996;2;9995;23;10000;4;10004;2;10005;23;9999.0;227.0
-1;15200;BANANAS;4946;3;4944;3;4943;25;4950;25;;;;;4948.0;219.875
-1;15300;BANANAS;4943;5;4942;22;;;4949;24;;;;;4946.0;224.04688
-1;15300;PEARLS;9998;3;9996;2;9995;22;10004;2;10005;22;;;10001.0;227.0
-1;15400;PEARLS;9996;2;9995;24;;;10002;4;10004;2;10005;24;9999.0;227.0
-1;15400;BANANAS;4942;26;;;;;4947;4;4949;26;;;4944.5;225.83594
-1;15500;PEARLS;9998;5;9995;20;;;10005;20;;;;;10001.5;227.0
-1;15500;BANANAS;4948;1;4943;5;4942;20;4949;20;;;;;4948.5;224.625
-1;15600;PEARLS;9996;1;9995;23;;;10004;1;10005;23;;;10000.0;227.0
-1;15600;BANANAS;4943;24;;;;;4950;24;;;;;4946.5;221.66406
-1;15700;PEARLS;9996;2;9995;20;;;10004;2;10005;20;;;10000.0;227.0
-1;15700;BANANAS;4944;22;;;;;4950;2;4951;20;;;4947.0;214.26562
-1;15800;BANANAS;4945;9;4944;26;;;4950;2;4951;24;;;4947.5;214.98438
-1;15800;PEARLS;9998;5;9996;2;9995;24;10004;2;10005;24;;;10001.0;227.0
-1;15900;PEARLS;9998;10;9995;27;;;10005;27;;;;;10001.5;227.0
-1;15900;BANANAS;4945;10;4944;27;;;4951;27;;;;;4948.0;211.10156
-1;16000;PEARLS;9996;2;9995;25;;;10002;7;10004;2;10005;25;9999.0;227.0
-1;16000;BANANAS;4945;27;;;;;4950;7;4951;2;4952;25;4947.5;206.54297
-1;16100;PEARLS;9998;4;9995;29;;;10005;29;;;;;10001.5;227.0
-1;16100;BANANAS;4945;4;4944;29;;;4951;29;;;;;4948.0;216.81299
-1;16200;BANANAS;4944;21;;;;;4945;1;4951;21;;;4944.5;216.80469
-1;16200;PEARLS;9995;21;;;;;10005;21;;;;;10000.0;227.0
-1;16300;PEARLS;9996;2;9995;29;;;10002;2;10004;2;10005;29;9999.0;227.0
-1;16300;BANANAS;4944;31;;;;;4949;2;4951;31;;;4946.5;219.20215
-1;16400;PEARLS;9996;2;9995;22;;;9998;1;10004;2;10005;22;9997.0;227.0
-1;16400;BANANAS;4945;2;4944;22;;;4951;24;;;;;4948.0;219.75586
-1;16500;PEARLS;9996;2;9995;25;;;10004;2;10005;25;;;10000.0;229.0
-1;16500;BANANAS;4945;2;4944;25;;;4951;27;;;;;4948.0;219.58984
-1;16600;BANANAS;4945;25;;;;;4951;25;;;;;4948.0;220.02539
-1;16600;PEARLS;9996;2;9995;23;;;10004;2;10005;23;;;10000.0;229.0
-1;16700;PEARLS;10002;3;9996;1;9995;23;10004;1;10005;23;;;10003.0;229.0
-1;16700;BANANAS;4944;24;;;;;4945;1;4951;24;;;4944.5;219.41797
-1;16800;PEARLS;9996;2;9995;30;;;10002;5;10004;2;10005;30;9999.0;235.0
-1;16800;BANANAS;4944;32;;;;;4949;5;4950;2;4951;30;4946.5;220.82031
-1;16900;PEARLS;9996;1;9995;23;;;10004;1;10005;23;;;10000.0;237.0
-1;16900;BANANAS;4944;24;;;;;4951;24;;;;;4947.5;222.34668
-1;17000;BANANAS;4944;23;;;;;4951;23;;;;;4947.5;222.29639
-1;17000;PEARLS;9995;23;;;;;10005;23;;;;;10000.0;237.0
-1;17100;PEARLS;9998;6;9996;1;9995;30;10004;1;10005;30;;;10001.0;237.0
-1;17100;BANANAS;4945;6;4944;30;;;4951;31;;;;;4948.0;222.92773
-1;17200;PEARLS;9998;6;9996;2;9995;24;10004;2;10005;24;;;10001.0;237.0
-1;17200;BANANAS;4946;6;4945;26;;;4951;2;4952;24;;;4948.5;223.16553
-1;17300;PEARLS;9995;28;;;;;9998;1;10002;3;10005;28;9996.5;237.0
-1;17300;BANANAS;4945;28;;;;;4947;2;4950;3;4952;28;4946.0;223.71387
-1;17400;BANANAS;4946;25;;;;;4952;1;4953;24;;;4949.0;227.95557
-1;17400;PEARLS;9996;1;9995;24;;;10004;1;10005;24;;;10000.0;239.0
-1;17500;PEARLS;9996;1;9995;23;;;10004;1;10005;23;;;10000.0;239.0
-1;17500;BANANAS;4951;11;4946;24;;;4953;24;;;;;4952.0;227.59424
-1;17600;PEARLS;9995;27;;;;;10005;27;;;;;10000.0;239.0
-1;17600;BANANAS;4945;27;;;;;4952;27;;;;;4948.5;255.35938
-1;17700;PEARLS;9996;1;9995;23;;;10004;1;10005;23;;;10000.0;239.0
-1;17700;BANANAS;4945;24;;;;;4951;1;4952;23;;;4948.0;259.16406
-1;17800;BANANAS;4944;23;;;;;4951;23;;;;;4947.5;262.9961
-1;17800;PEARLS;9995;23;;;;;10005;23;;;;;10000.0;239.0
-1;17900;PEARLS;9998;8;9996;1;9995;29;10004;1;10005;29;;;10001.0;239.0
-1;17900;BANANAS;4945;9;4944;29;;;4951;30;;;;;4948.0;263.5
-1;18000;PEARLS;9998;7;9996;2;9995;26;10004;2;10005;26;;;10001.0;239.0
-1;18000;BANANAS;4945;9;4944;26;;;4951;28;;;;;4948.0;262.47656
-1;18100;PEARLS;9995;21;;;;;10005;21;;;;;10000.0;239.0
-1;18100;BANANAS;4945;21;;;;;4952;21;;;;;4948.5;258.77344
-1;18200;BANANAS;4950;1;4945;24;;;4952;24;;;;;4951.0;257.9453
-1;18200;PEARLS;9996;1;9995;23;;;10004;1;10005;23;;;10000.0;239.0
-1;18300;PEARLS;9996;2;9995;27;;;10004;2;10005;27;;;10000.0;239.0
-1;18300;BANANAS;4944;29;;;;;4951;29;;;;;4947.5;271.42188
-1;18400;PEARLS;9996;1;9995;29;;;10004;1;10005;29;;;10000.0;239.0
-1;18400;BANANAS;4945;30;;;;;4951;1;4952;29;;;4948.0;262.9922
-1;18500;PEARLS;9998;3;9996;2;9995;30;10004;2;10005;30;;;10001.0;239.0
-1;18500;BANANAS;4946;3;4945;32;;;4951;2;4952;30;;;4948.5;263.14453
-1;18600;BANANAS;4945;31;;;;;4950;10;4951;1;4952;30;4947.5;261.5703
-1;18600;PEARLS;9996;1;9995;30;;;10002;9;10004;1;10005;30;9999.0;239.0
-1;18700;BANANAS;4945;27;;;;;4951;2;4952;25;;;4948.0;263.3789
-1;18700;PEARLS;10002;9;9996;2;9995;25;10004;2;10005;25;;;10003.0;239.0
-1;18800;PEARLS;9996;2;9995;22;;;10004;2;10005;22;;;10000.0;257.0
-1;18800;BANANAS;4945;24;;;;;4952;24;;;;;4948.5;258.4922
-1;18900;BANANAS;4945;28;;;;;4952;28;;;;;4948.5;254.92188
-1;18900;PEARLS;9996;1;9995;27;;;10004;1;10005;27;;;10000.0;257.0
-1;19000;BANANAS;4945;24;;;;;4950;7;4952;25;;;4947.5;262.66406
-1;19000;PEARLS;9995;25;;;;;10002;7;10005;25;;;9998.5;259.0
-1;19100;PEARLS;9996;1;9995;28;;;10000;5;10004;1;10005;28;9998.0;259.0
-1;19100;BANANAS;4945;29;;;;;4951;1;4952;28;;;4948.0;264.4375
-1;19200;PEARLS;9996;1;9995;28;;;10002;7;10004;1;10005;28;9999.0;259.0
-1;19200;BANANAS;4945;29;;;;;4950;7;4952;29;;;4947.5;260.41406
-1;19300;PEARLS;9996;2;9995;30;;;10004;2;10005;30;;;10000.0;259.0
-1;19300;BANANAS;4945;32;;;;;4952;32;;;;;4948.5;256.2578
-1;19400;BANANAS;4946;21;;;;;4951;3;4952;1;4953;20;4948.5;248.6875
-1;19400;PEARLS;9996;1;9995;20;;;10002;3;10004;1;10005;20;9999.0;259.0
-1;19500;PEARLS;9996;2;9995;20;;;10004;2;10005;20;;;10000.0;259.0
-1;19500;BANANAS;4946;22;;;;;4952;2;4953;20;;;4949.0;250.10938
-1;19600;PEARLS;9996;2;9995;29;;;10004;2;10005;29;;;10000.0;259.0
-1;19600;BANANAS;4946;31;;;;;4952;2;4953;29;;;4949.0;248.14844
-1;19700;PEARLS;9996;1;9995;24;;;10002;2;10004;1;10005;24;9999.0;259.0
-1;19700;BANANAS;4946;25;;;;;4951;2;4952;1;4953;24;4948.5;248.46875
-1;19800;BANANAS;4946;20;;;;;4953;20;;;;;4949.5;247.17188
-1;19800;PEARLS;10002;4;9995;20;;;10005;20;;;;;10003.5;259.0
-1;19900;PEARLS;9996;1;9995;27;;;10004;1;10005;27;;;10000.0;267.0
-1;19900;BANANAS;4946;28;;;;;4952;1;4953;27;;;4949.0;249.49219
-1;20000;PEARLS;9996;1;9995;28;;;10002;4;10004;1;10005;28;9999.0;267.0
-1;20000;BANANAS;4946;29;;;;;4951;4;4953;29;;;4948.5;243.15625
-1;20100;PEARLS;9998;9;9996;2;9995;29;10004;2;10005;29;;;10001.0;267.0
-1;20100;BANANAS;4947;10;4946;31;;;4952;2;4953;29;;;4949.5;248.82812
-1;20200;BANANAS;4946;29;;;;;4953;29;;;;;4949.5;247.54688
-1;20200;PEARLS;9995;29;;;;;10005;29;;;;;10000.0;267.0
-1;20300;BANANAS;4946;2;4945;21;;;4952;23;;;;;4949.0;253.26562
-1;20300;PEARLS;9996;2;9995;21;;;10004;2;10005;21;;;10000.0;267.0
-1;20400;PEARLS;9995;24;;;;;10005;24;;;;;10000.0;267.0
-1;20400;BANANAS;4946;24;;;;;4953;24;;;;;4949.5;270.53125
-1;20500;BANANAS;4946;30;;;;;4953;30;;;;;4949.5;270.16406
-1;20500;PEARLS;9995;30;;;;;10005;30;;;;;10000.0;267.0
-1;20600;BANANAS;4947;23;;;;;4953;2;4954;21;;;4950.0;265.02344
-1;20600;PEARLS;9996;2;9995;21;;;10004;2;10005;21;;;10000.0;267.0
-1;20700;BANANAS;4947;31;;;;;4948;1;4951;6;4953;31;4947.5;267.0
-1;20700;PEARLS;9996;1;9995;30;;;10002;6;10004;1;10005;30;9999.0;267.0
-1;20800;PEARLS;9996;2;9995;23;;;10004;2;10005;23;;;10000.0;267.0
-1;20800;BANANAS;4953;1;4948;2;4947;23;4954;25;;;;;4953.5;264.79297
-1;20900;BANANAS;4947;24;;;;;4954;24;;;;;4950.5;267.6836
-1;20900;PEARLS;9996;1;9995;23;;;10004;1;10005;23;;;10000.0;267.0
-1;21000;BANANAS;4948;27;;;;;4949;3;4955;27;;;4948.5;265.73047
-1;21000;PEARLS;9995;27;;;;;10005;27;;;;;10000.0;267.0
-1;21100;BANANAS;4949;1;4948;30;;;4955;30;;;;;4952.0;271.04688
-1;21100;PEARLS;9998;1;9996;2;9995;28;10004;2;10005;28;;;10001.0;267.0
-1;21200;PEARLS;9995;23;;;;;10005;23;;;;;10000.0;271.0
-1;21200;BANANAS;4947;23;;;;;4954;23;;;;;4950.5;274.12158
-1;21300;BANANAS;4947;29;;;;;4948;1;4954;29;;;4947.5;274.04492
-1;21300;PEARLS;9995;29;;;;;10005;29;;;;;10000.0;271.0
-1;21400;BANANAS;4948;30;;;;;4955;30;;;;;4951.5;277.0
-1;21400;PEARLS;9995;30;;;;;10005;30;;;;;10000.0;271.0
-1;21500;BANANAS;4952;4;4948;2;4947;22;4954;24;;;;;4953.0;277.0
-1;21500;PEARLS;9996;2;9995;22;;;10004;2;10005;22;;;10000.0;271.0
-1;21600;PEARLS;10002;1;9995;29;;;10005;29;;;;;10003.5;271.0
-1;21600;BANANAS;4951;2;4948;29;;;4955;29;;;;;4953.0;279.08203
-1;21700;BANANAS;4948;1;4947;30;;;4952;10;4954;31;;;4950.0;281.3418
-1;21700;PEARLS;9996;1;9995;30;;;10002;10;10004;1;10005;30;9999.0;273.0
-1;21800;BANANAS;4949;5;4948;29;;;4954;1;4955;28;;;4951.5;280.55273
-1;21800;PEARLS;9998;6;9996;1;9995;28;10004;1;10005;28;;;10001.0;273.0
-1;21900;BANANAS;4948;2;4947;28;;;4954;30;;;;;4951.0;281.8086
-1;21900;PEARLS;9996;2;9995;28;;;10004;2;10005;28;;;10000.0;273.0
-1;22000;PEARLS;9996;1;9995;23;;;10000;2;10004;1;10005;23;9998.0;275.0
-1;22000;BANANAS;4947;24;;;;;4948;1;4954;24;;;4947.5;284.51367
-1;22100;BANANAS;4948;1;4947;23;;;4954;25;;;;;4951.0;286.38477
-1;22100;PEARLS;9996;2;9995;23;;;10004;2;10005;23;;;10000.0;275.0
-1;22200;BANANAS;4948;28;;;;;4953;4;4954;1;4955;27;4950.5;287.8252
-1;22200;PEARLS;9996;1;9995;27;;;10002;4;10004;1;10005;27;9999.0;277.0
-1;22300;BANANAS;4948;30;;;;;4955;30;;;;;4951.5;287.56396
-1;22300;PEARLS;9996;1;9995;29;;;10004;1;10005;29;;;10000.0;277.0
-1;22400;PEARLS;10002;2;9996;2;9995;24;10004;2;10005;24;;;10003.0;277.0
-1;22400;BANANAS;4948;26;;;;;4955;26;;;;;4951.5;287.687
-1;22500;BANANAS;4948;27;;;;;4955;27;;;;;4951.5;287.4917
-1;22500;PEARLS;10002;6;9995;27;;;10005;27;;;;;10003.5;281.0
-1;22600;BANANAS;4948;27;;;;;4953;9;4955;27;;;4950.5;287.5503
-1;22600;PEARLS;9996;1;9995;26;;;10002;9;10004;1;10005;26;9999.0;283.0
-1;22700;BANANAS;4948;28;;;;;4955;28;;;;;4951.5;287.17285
-1;22700;PEARLS;9995;28;;;;;10005;28;;;;;10000.0;283.0
-1;22800;PEARLS;9996;1;9995;29;;;9998;3;10004;1;10005;29;9997.0;283.0
-1;22800;BANANAS;4948;30;;;;;4954;1;4955;29;;;4951.0;287.8921
-1;22900;BANANAS;4948;26;;;;;4954;2;4955;24;;;4951.0;287.80322
-1;22900;PEARLS;9996;2;9995;24;;;9998;1;10004;2;10005;24;9997.0;289.0
-1;23000;BANANAS;4949;3;4948;26;;;4955;26;;;;;4952.0;287.3247
-1;23000;PEARLS;9998;3;9996;2;9995;24;10004;2;10005;24;;;10001.0;291.0
-1;23100;BANANAS;4948;24;;;;;4953;10;4955;24;;;4950.5;287.47217
-1;23100;PEARLS;9996;1;9995;23;;;10002;10;10004;1;10005;23;9999.0;291.0
-1;23200;BANANAS;4948;26;;;;;4953;10;4955;26;;;4950.5;287.65723
-1;23200;PEARLS;9995;26;;;;;9998;1;10002;10;10005;26;9996.5;291.0
-1;23300;PEARLS;9995;22;;;;;10005;22;;;;;10000.0;293.0
-1;23300;BANANAS;4947;22;;;;;4954;22;;;;;4950.5;301.35938
-1;23400;BANANAS;4949;6;4948;21;;;4954;21;;;;;4951.5;301.7461
-1;23400;PEARLS;9998;6;9995;21;;;10005;21;;;;;10001.5;293.0
-1;23500;BANANAS;4950;2;4948;2;4947;26;4954;28;;;;;4952.0;300.02734
-1;23500;PEARLS;9996;2;9995;26;;;10004;2;10005;26;;;10000.0;293.0
-1;23600;PEARLS;9995;21;;;;;10002;6;10005;21;;;9998.5;293.0
-1;23600;BANANAS;4952;3;4948;21;;;4953;6;4955;21;;;4952.5;304.05078
-1;23700;PEARLS;9995;24;;;;;10005;24;;;;;10000.0;293.0
-1;23700;BANANAS;4947;24;;;;;4954;24;;;;;4950.5;302.08594
-1;23800;PEARLS;9996;2;9995;21;;;10004;2;10005;21;;;10000.0;293.0
-1;23800;BANANAS;4948;2;4947;21;;;4954;23;;;;;4951.0;303.28125
-1;23900;BANANAS;4953;1;4947;20;;;4954;20;;;;;4953.5;300.78125
-1;23900;PEARLS;9995;20;;;;;10005;20;;;;;10000.0;293.0
-1;24000;PEARLS;9996;1;9995;22;;;10002;6;10004;1;10005;22;9999.0;293.0
-1;24000;BANANAS;4947;23;;;;;4951;6;4953;23;;;4949.0;297.98438
-1;24100;PEARLS;9996;2;9995;24;;;10004;2;10005;24;;;10000.0;293.0
-1;24100;BANANAS;4946;26;;;;;4953;26;;;;;4949.5;294.1172
-1;24200;PEARLS;9998;4;9996;2;9995;25;10004;2;10005;25;;;10001.0;293.0
-1;24200;BANANAS;4951;1;4946;7;4945;25;4952;27;;;;;4951.5;287.625
-1;24300;BANANAS;4945;2;4944;21;;;4951;23;;;;;4948.0;282.28906
-1;24300;PEARLS;10002;6;9996;2;9995;21;10004;2;10005;21;;;10003.0;293.0
-1;24400;PEARLS;9995;25;;;;;10005;25;;;;;10000.0;303.0
-1;24400;BANANAS;4944;25;;;;;4951;25;;;;;4947.5;279.8828
-1;24500;PEARLS;9995;21;;;;;9998;2;10002;7;10005;21;9996.5;303.0
-1;24500;BANANAS;4949;4;4945;21;;;4950;7;4952;21;;;4949.5;286.46875
-1;24600;PEARLS;9996;1;9995;26;;;10004;1;10005;26;;;10000.0;307.0
-1;24600;BANANAS;4945;27;;;;;4951;1;4952;26;;;4948.0;287.43945
-1;24700;PEARLS;9996;2;9995;20;;;10004;2;10005;20;;;10000.0;307.0
-1;24700;BANANAS;4945;22;;;;;4951;2;4952;20;;;4948.0;287.83008
-1;24800;BANANAS;4945;28;;;;;4951;28;;;;;4948.0;288.06445
-1;24800;PEARLS;9996;2;9995;26;;;10004;2;10005;26;;;10000.0;308.0
-1;24900;PEARLS;9998;5;9996;2;9995;28;10004;2;10005;28;;;10001.0;308.0
-1;24900;BANANAS;4945;5;4944;30;;;4951;30;;;;;4948.0;286.57812
-1;25000;PEARLS;9996;1;9995;26;;;10002;1;10004;1;10005;26;9999.0;308.0
-1;25000;BANANAS;4944;27;;;;;4949;1;4951;27;;;4946.5;286.92383
-1;25100;PEARLS;9995;23;;;;;10005;23;;;;;10000.0;308.0
-1;25100;BANANAS;4946;6;4944;23;;;4950;23;;;;;4948.0;284.98242
-1;25200;BANANAS;4944;25;;;;;4951;26;;;;;4947.5;286.2129
-1;25200;PEARLS;9996;2;9995;24;;;10004;2;10005;24;;;10000.0;309.0
-1;25300;PEARLS;9996;2;9995;24;;;10002;1;10004;2;10005;24;9999.0;309.0
-1;25300;BANANAS;4944;26;;;;;4948;1;4950;26;;;4946.0;285.02734
-1;25400;PEARLS;9998;2;9996;2;9995;30;10004;2;10005;30;;;10001.0;311.0
-1;25400;BANANAS;4945;2;4944;32;;;4951;32;;;;;4948.0;289.67383
-1;25500;PEARLS;9998;3;9996;2;9995;23;10004;2;10005;23;;;10001.0;312.0
-1;25500;BANANAS;4946;3;4945;25;;;4951;25;;;;;4948.5;291.02148
-1;25600;BANANAS;4950;1;4945;31;;;4951;1;4952;30;;;4950.5;291.3047
-1;25600;PEARLS;9996;1;9995;30;;;10004;1;10005;30;;;10000.0;312.0
-1;25700;PEARLS;9996;1;9995;22;;;10004;1;10005;22;;;10000.0;312.0
-1;25700;BANANAS;4945;23;;;;;4951;1;4952;22;;;4948.0;293.10352
-1;25800;PEARLS;9996;1;9995;27;;;10004;1;10005;27;;;10000.0;312.0
-1;25800;BANANAS;4945;1;4944;27;;;4951;28;;;;;4948.0;292.86426
-1;25900;PEARLS;9995;28;;;;;10005;28;;;;;10000.0;312.0
-1;25900;BANANAS;4944;28;;;;;4951;28;;;;;4947.5;292.69922
-1;26000;BANANAS;4945;24;;;;;4949;7;4951;24;;;4947.0;292.94434
-1;26000;PEARLS;9995;24;;;;;10002;7;10005;24;;;9998.5;312.0
-1;26100;PEARLS;9995;25;;;;;10002;7;10005;25;;;9998.5;312.0
-1;26100;BANANAS;4945;25;;;;;4950;7;4952;25;;;4947.5;293.4004
-1;26200;PEARLS;9996;1;9995;25;;;10004;1;10005;25;;;10000.0;312.0
-1;26200;BANANAS;4945;26;;;;;4952;26;;;;;4948.5;293.56348
-1;26300;PEARLS;9995;24;;;;;10005;24;;;;;10000.0;312.0
-1;26300;BANANAS;4945;24;;;;;4952;24;;;;;4948.5;293.2744
-1;26400;BANANAS;4945;28;;;;;4952;29;;;;;4948.5;293.5088
-1;26400;PEARLS;10002;3;9995;29;;;10005;29;;;;;10003.5;312.0
-1;26500;PEARLS;9996;1;9995;23;;;10002;4;10004;1;10005;23;9999.0;312.0
-1;26500;BANANAS;4945;24;;;;;4949;3;4951;24;;;4947.0;293.0
-1;26600;PEARLS;10002;3;9998;1;9996;1;10004;1;10005;21;;;10003.0;312.0
-1;26600;BANANAS;4946;1;4945;22;;;4952;22;;;;;4949.0;295.0
-1;26700;PEARLS;9995;24;;;;;10000;6;10005;24;;;9997.5;312.0
-1;26700;BANANAS;4945;24;;;;;4952;24;;;;;4948.5;295.0
-1;26800;BANANAS;4945;24;;;;;4952;24;;;;;4948.5;295.0
-1;26800;PEARLS;9995;24;;;;;10005;24;;;;;10000.0;312.0
-1;26900;PEARLS;9995;27;;;;;9998;1;10002;5;10005;27;9996.5;312.0
-1;26900;BANANAS;4945;27;;;;;4950;5;4952;27;;;4947.5;295.0
-1;27000;PEARLS;9996;1;9995;30;;;10002;7;10004;1;10005;30;9999.0;314.0
-1;27000;BANANAS;4945;31;;;;;4950;7;4952;31;;;4947.5;295.0
-1;27100;PEARLS;9996;2;9995;22;;;10002;7;10004;2;10005;22;9999.0;314.0
-1;27100;BANANAS;4945;24;;;;;4950;7;4952;24;;;4947.5;295.0
-1;27200;BANANAS;4950;3;4946;2;4945;31;4952;31;;;;;4951.0;295.0
-1;27200;PEARLS;9998;2;9996;2;9995;29;10004;2;10005;29;;;10001.0;314.0
-1;27300;PEARLS;10000;5;9996;2;9995;25;10004;2;10005;25;;;10002.0;314.0
-1;27300;BANANAS;4946;27;;;;;4952;2;4953;25;;;4949.0;297.7129
-1;27400;PEARLS;9996;1;9995;24;;;10004;1;10005;24;;;10000.0;314.0
-1;27400;BANANAS;4946;25;;;;;4952;25;;;;;4949.0;298.0332
-1;27500;BANANAS;4945;26;;;;;4947;1;4950;10;4952;26;4946.0;298.8994
-1;27500;PEARLS;9996;2;9995;24;;;10002;10;10004;2;10005;24;9999.0;315.0
-1;27600;BANANAS;4945;23;;;;;4952;23;;;;;4948.5;300.62988
-1;27600;PEARLS;9996;1;9995;22;;;9998;1;10004;1;10005;22;9997.0;315.0
-1;27700;BANANAS;4946;26;;;;;4952;2;4953;24;;;4949.0;299.70996
-1;27700;PEARLS;9996;2;9995;24;;;10004;2;10005;24;;;10000.0;317.0
-1;27800;PEARLS;9995;28;;;;;10005;28;;;;;10000.0;329.0
-1;27800;BANANAS;4947;28;;;;;4953;28;;;;;4950.0;298.02734
-1;27900;PEARLS;9996;1;9995;25;;;9998;4;10004;1;10005;25;9997.0;329.0
-1;27900;BANANAS;4947;1;4946;25;;;4953;26;;;;;4950.0;298.89453
-1;28000;BANANAS;4946;24;;;;;4951;9;4953;24;;;4948.5;302.73633
-1;28000;PEARLS;9995;24;;;;;10002;9;10005;24;;;9998.5;337.0
-1;28100;PEARLS;9995;22;;;;;10005;22;;;;;10000.0;338.0
-1;28100;BANANAS;4945;22;;;;;4952;22;;;;;4948.5;305.69922
-1;28200;PEARLS;9996;1;9995;29;;;10004;1;10005;29;;;10000.0;340.0
-1;28200;BANANAS;4946;30;;;;;4952;1;4953;29;;;4949.0;305.39844
-1;28300;PEARLS;9996;1;9995;23;;;10002;7;10004;1;10005;23;9999.0;340.0
-1;28300;BANANAS;4946;24;;;;;4951;7;4953;24;;;4948.5;304.04883
-1;28400;BANANAS;4947;21;;;;;4951;9;4953;21;;;4949.0;301.01172
-1;28400;PEARLS;9995;21;;;;;10002;9;10005;21;;;9998.5;340.0
-1;28500;PEARLS;9996;1;9995;30;;;10004;1;10005;30;;;10000.0;340.0
-1;28500;BANANAS;4952;1;4947;31;;;4954;31;;;;;4953.0;299.16406
-1;28600;PEARLS;9998;7;9996;2;9995;29;10004;2;10005;29;;;10001.0;340.0
-1;28600;BANANAS;4949;6;4948;31;;;4954;2;4955;29;;;4951.5;296.23828
-1;28700;PEARLS;9996;1;9995;24;;;10004;1;10005;24;;;10000.0;340.0
-1;28700;BANANAS;4948;25;;;;;4955;25;;;;;4951.5;293.51562
-1;28800;BANANAS;4949;2;4948;20;;;4955;22;;;;;4952.0;291.87305
-1;28800;PEARLS;9996;2;9995;20;;;10004;2;10005;20;;;10000.0;356.0
-1;28900;PEARLS;9995;22;;;;;10005;22;;;;;10000.0;356.0
-1;28900;BANANAS;4949;22;;;;;4956;22;;;;;4952.5;286.95117
-1;29000;PEARLS;9995;24;;;;;10005;24;;;;;10000.0;356.0
-1;29000;BANANAS;4949;24;;;;;4956;24;;;;;4952.5;285.7793
-1;29100;BANANAS;4951;9;4950;31;;;4956;31;;;;;4953.5;285.05078
-1;29100;PEARLS;9998;9;9996;2;9995;29;10004;2;10005;29;;;10001.0;357.0
-1;29200;BANANAS;4950;20;;;;;4955;4;4957;20;;;4952.5;281.75
-1;29200;PEARLS;9995;20;;;;;10002;3;10005;20;;;9998.5;357.0
-1;29300;BANANAS;4950;24;;;;;4956;25;;;;;4953.0;285.0703
-1;29300;PEARLS;9995;25;;;;;10005;25;;;;;10000.0;357.0
-1;29400;PEARLS;9996;1;9995;23;;;10004;1;10005;23;;;10000.0;357.0
-1;29400;BANANAS;4954;4;4950;1;4949;23;4956;24;;;;;4955.0;286.46094
-1;29500;BANANAS;4949;24;;;;;4956;24;;;;;4952.5;293.48047
-1;29500;PEARLS;10002;1;9996;2;9995;22;10004;2;10005;22;;;10003.0;357.0
-1;29600;BANANAS;4949;20;;;;;4956;20;;;;;4952.5;291.6875
-1;29600;PEARLS;9995;20;;;;;9998;1;10005;20;;;9996.5;359.0
-1;29700;BANANAS;4950;1;4949;26;;;4956;27;;;;;4953.0;290.41797
-1;29700;PEARLS;9996;1;9995;26;;;10004;1;10005;26;;;10000.0;361.0
-1;29800;PEARLS;9998;7;9996;1;9995;29;10004;1;10005;29;;;10001.0;361.0
-1;29800;BANANAS;4950;7;4949;30;;;4956;30;;;;;4953.0;296.875
-1;29900;BANANAS;4950;9;4949;26;;;4956;27;;;;;4953.0;291.16016
-1;29900;PEARLS;9998;8;9996;1;9995;26;10000;2;10004;1;10005;26;9999.0;361.0
-1;30000;BANANAS;4950;21;;;;;4955;6;4956;1;4957;20;4952.5;288.3164
-1;30000;PEARLS;9996;1;9995;20;;;10002;7;10004;1;10005;20;9999.0;361.0
-1;30100;BANANAS;4949;22;;;;;4956;22;;;;;4952.5;298.91406
-1;30100;PEARLS;9995;22;;;;;10000;5;10005;22;;;9997.5;361.0
-1;30200;PEARLS;9996;2;9995;22;;;10004;2;10005;22;;;10000.0;361.0
-1;30200;BANANAS;4949;24;;;;;4952;2;4956;24;;;4950.5;296.48828
-1;30300;BANANAS;4949;2;4948;28;;;4953;7;4955;30;;;4951.0;300.64453
-1;30300;PEARLS;9996;2;9995;28;;;10002;7;10004;2;10005;28;9999.0;361.0
-1;30400;BANANAS;4948;23;;;;;4955;23;;;;;4951.5;305.96094
-1;30400;PEARLS;9996;2;9995;21;;;10004;2;10005;21;;;10000.0;361.0
-1;30500;BANANAS;4948;29;;;;;4954;1;4955;28;;;4951.0;310.23047
-1;30500;PEARLS;9996;1;9995;28;;;10004;1;10005;28;;;10000.0;361.0
-1;30600;PEARLS;9995;30;;;;;10005;30;;;;;10000.0;361.0
-1;30600;BANANAS;4948;30;;;;;4955;30;;;;;4951.5;301.5078
-1;30700;BANANAS;4953;3;4948;23;;;4955;23;;;;;4954.0;305.40234
-1;30700;PEARLS;9996;1;9995;22;;;10004;1;10005;22;;;10000.0;361.0
-1;30800;BANANAS;4948;29;;;;;4955;29;;;;;4951.5;304.77344
-1;30800;PEARLS;9995;29;;;;;10005;29;;;;;10000.0;361.0
-1;30900;BANANAS;4950;2;4949;23;;;4955;23;;;;;4952.5;302.8672
-1;30900;PEARLS;9998;2;9995;23;;;10005;23;;;;;10001.5;361.0
-1;31000;PEARLS;9995;20;;;;;10005;20;;;;;10000.0;361.0
-1;31000;BANANAS;4950;20;;;;;4956;20;;;;;4953.0;287.27344
-1;31100;BANANAS;4950;22;;;;;4956;1;4957;21;;;4953.0;284.9375
-1;31100;PEARLS;9996;1;9995;21;;;10004;1;10005;21;;;10000.0;361.0
-1;31200;BANANAS;4950;1;4949;27;;;4956;29;;;;;4953.0;288.39062
-1;31200;PEARLS;9996;2;9995;27;;;10004;2;10005;27;;;10000.0;361.0
-1;31300;BANANAS;4950;30;;;;;4957;30;;;;;4953.5;282.10156
-1;31300;PEARLS;9995;30;;;;;10005;30;;;;;10000.0;361.0
-1;31400;PEARLS;9996;2;9995;30;;;10004;2;10005;30;;;10000.0;361.0
-1;31400;BANANAS;4951;2;4950;30;;;4957;32;;;;;4954.0;271.78125
-1;31500;BANANAS;4951;22;;;;;4958;23;;;;;4954.5;270.5
-1;31500;PEARLS;9995;23;;;;;10005;23;;;;;10000.0;361.0
-1;31600;BANANAS;4952;2;4951;32;;;4958;32;;;;;4955.0;263.84375
-1;31600;PEARLS;9998;2;9996;2;9995;30;10004;2;10005;30;;;10001.0;361.0
-1;31700;BANANAS;4951;29;;;;;4956;2;4958;29;;;4953.5;269.5
-1;31700;PEARLS;9995;29;;;;;9998;4;10002;2;10005;29;9996.5;361.0
-1;31800;PEARLS;9995;21;;;;;10005;21;;;;;10000.0;370.0
-1;31800;BANANAS;4950;21;;;;;4957;21;;;;;4953.5;278.85938
-1;31900;BANANAS;4952;9;4951;29;;;4957;2;4958;27;;;4954.5;271.46875
-1;31900;PEARLS;9998;9;9996;2;9995;27;10004;2;10005;27;;;10001.0;370.0
-1;32000;BANANAS;4951;30;;;;;4957;1;4958;29;;;4954.0;271.42188
-1;32000;PEARLS;9996;1;9995;29;;;10000;3;10004;1;10005;29;9998.0;370.0
-1;32100;BANANAS;4951;31;;;;;4957;1;4958;30;;;4954.0;267.39844
-1;32100;PEARLS;9996;1;9995;30;;;10004;1;10005;30;;;10000.0;370.0
-1;32200;BANANAS;4951;26;;;;;4956;6;4957;1;4958;25;4953.5;270.9297
-1;32200;PEARLS;9996;1;9995;25;;;10002;7;10004;1;10005;25;9999.0;370.0
-1;32300;PEARLS;9996;1;9995;25;;;10002;6;10004;1;10005;25;9999.0;370.0
-1;32300;BANANAS;4950;26;;;;;4955;7;4957;26;;;4952.5;276.98438
-1;32400;PEARLS;9996;2;9995;27;;;10002;1;10004;2;10005;27;9999.0;370.0
-1;32400;BANANAS;4950;29;;;;;4951;1;4955;1;4957;29;4950.5;279.79688
-1;32500;BANANAS;4955;1;4950;25;;;4957;25;;;;;4956.0;285.1875
-1;32500;PEARLS;9996;2;9995;23;;;10004;2;10005;23;;;10000.0;370.0
-1;32600;PEARLS;9995;30;;;;;10005;30;;;;;10000.0;370.0
-1;32600;BANANAS;4950;30;;;;;4957;30;;;;;4953.5;288.79688
-1;32700;PEARLS;10002;1;9996;1;9995;26;10004;1;10005;26;;;10003.0;370.0
-1;32700;BANANAS;4950;27;;;;;4956;1;4957;26;;;4953.0;291.5703
-1;32800;PEARLS;9995;23;;;;;10005;23;;;;;10000.0;384.0
-1;32800;BANANAS;4949;23;;;;;4956;23;;;;;4952.5;296.40625
-1;32900;BANANAS;4950;24;;;;;4954;1;4956;24;;;4952.0;293.25
-1;32900;PEARLS;9996;1;9995;23;;;10002;1;10004;1;10005;23;9999.0;384.0
-1;33000;PEARLS;10002;1;9996;1;9995;27;10004;1;10005;27;;;10003.0;384.0
-1;33000;BANANAS;4949;28;;;;;4956;28;;;;;4952.5;299.41406
-1;33100;PEARLS;9995;24;;;;;10005;24;;;;;10000.0;386.0
-1;33100;BANANAS;4948;24;;;;;4955;24;;;;;4951.5;316.59375
-1;33200;PEARLS;9995;25;;;;;10002;9;10005;25;;;9998.5;386.0
-1;33200;BANANAS;4948;25;;;;;4953;9;4955;25;;;4950.5;316.0
-1;33300;BANANAS;4949;26;;;;;4954;7;4955;2;4956;24;4951.5;307.3828
-1;33300;PEARLS;9996;2;9995;24;;;10002;7;10004;2;10005;24;9999.0;386.0
-1;33400;PEARLS;9995;27;;;;;10005;27;;;;;10000.0;386.0
-1;33400;BANANAS;4949;27;;;;;4956;27;;;;;4952.5;301.10938
-1;33500;PEARLS;9998;10;9995;25;;;10005;25;;;;;10001.5;386.0
-1;33500;BANANAS;4950;10;4949;25;;;4956;25;;;;;4953.0;296.0547
-1;33600;PEARLS;9995;27;;;;;10005;27;;;;;10000.0;386.0
-1;33600;BANANAS;4949;27;;;;;4950;1;4956;27;;;4949.5;299.3203
-1;33700;PEARLS;9998;7;9996;1;9995;22;10004;1;10005;22;;;10001.0;386.0
-1;33700;BANANAS;4950;1;4949;23;;;4955;1;4956;22;;;4952.5;308.60938
-1;33800;BANANAS;4948;26;;;;;4955;26;;;;;4951.5;318.35156
-1;33800;PEARLS;10002;1;9995;26;;;10005;26;;;;;10003.5;386.0
-1;33900;PEARLS;9995;24;;;;;10005;24;;;;;10000.0;388.0
-1;33900;BANANAS;4948;24;;;;;4955;24;;;;;4951.5;318.625
-1;34000;PEARLS;10002;1;9996;1;9995;24;10004;1;10005;24;;;10003.0;390.0
-1;34000;BANANAS;4953;1;4948;25;;;4955;25;;;;;4954.0;320.5547
-1;34100;PEARLS;9996;1;9995;26;;;10004;1;10005;26;;;10000.0;392.0
-1;34100;BANANAS;4948;26;;;;;4949;7;4955;27;;;4948.5;314.91406
-1;34200;BANANAS;4949;27;;;;;4956;27;;;;;4952.5;328.28125
-1;34200;PEARLS;9996;1;9995;26;;;10004;1;10005;26;;;10000.0;392.0
-1;34300;PEARLS;9996;2;9995;20;;;10004;2;10005;20;;;10000.0;402.0
-1;34300;BANANAS;4949;21;;;;;4955;22;;;;;4952.0;336.28125
-1;34400;PEARLS;9996;2;9995;23;;;10004;2;10005;23;;;10000.0;402.0
-1;34400;BANANAS;4949;1;4948;23;;;4955;25;;;;;4952.0;337.6797
-1;34500;PEARLS;9995;25;;;;;10002;2;10005;25;;;9998.5;402.0
-1;34500;BANANAS;4948;25;;;;;4953;2;4955;25;;;4950.5;340.66797
-1;34600;BANANAS;4948;22;;;;;4955;22;;;;;4951.5;339.21094
-1;34600;PEARLS;9995;22;;;;;10005;22;;;;;10000.0;402.0
-1;34700;PEARLS;9995;29;;;;;9998;5;10005;29;;;9996.5;402.0
-1;34700;BANANAS;4948;29;;;;;4955;29;;;;;4951.5;337.4414
-1;34800;PEARLS;10002;1;10000;2;9995;24;10005;24;;;;;10003.5;412.0
-1;34800;BANANAS;4948;24;;;;;4951;6;4955;24;;;4949.5;338.1172
-1;34900;PEARLS;9996;2;9995;22;;;10004;2;10005;22;;;10000.0;414.0
-1;34900;BANANAS;4949;23;;;;;4955;2;4956;22;;;4952.0;335.33984
-1;35000;BANANAS;4949;2;4948;20;;;4953;10;4955;22;;;4951.0;339.77734
-1;35000;PEARLS;9996;2;9995;20;;;10002;10;10004;2;10005;20;9999.0;414.0
-1;35100;PEARLS;9996;1;9995;25;;;10004;1;10005;25;;;10000.0;414.0
-1;35100;BANANAS;4949;26;;;;;4956;26;;;;;4952.5;335.21875
-1;35200;PEARLS;9995;24;;;;;10005;24;;;;;10000.0;414.0
-1;35200;BANANAS;4949;24;;;;;4950;1;4956;24;;;4949.5;332.2539
-1;35300;PEARLS;9998;9;9995;24;;;10005;24;;;;;10001.5;414.0
-1;35300;BANANAS;4951;9;4950;24;;;4957;24;;;;;4954.0;331.5625
-1;35400;BANANAS;4950;22;;;;;4957;22;;;;;4953.5;328.26172
-1;35400;PEARLS;9995;22;;;;;10005;22;;;;;10000.0;414.0
-1;35500;PEARLS;10002;5;9995;25;;;10005;25;;;;;10003.5;414.0
-1;35500;BANANAS;4950;25;;;;;4951;1;4957;25;;;4950.5;328.1953
-1;35600;PEARLS;9998;10;9996;1;9995;26;10004;1;10005;26;;;10001.0;424.0
-1;35600;BANANAS;4950;10;4949;26;;;4956;27;;;;;4953.0;336.22266
-1;35700;PEARLS;10002;1;9996;1;9995;26;10004;1;10005;26;;;10003.0;424.0
-1;35700;BANANAS;4950;27;;;;;4955;1;4957;27;;;4952.5;330.89258
-1;35800;BANANAS;4950;30;;;;;4956;2;4957;28;;;4953.0;333.96094
-1;35800;PEARLS;9996;2;9995;28;;;10004;2;10005;28;;;10000.0;440.0
-1;35900;PEARLS;9996;1;9995;29;;;10002;3;10004;1;10005;29;9999.0;440.0
-1;35900;BANANAS;4950;1;4949;29;;;4951;4;4954;3;4956;30;4950.5;335.2461
-1;36000;PEARLS;9995;28;;;;;9998;1;10005;28;;;9996.5;440.0
-1;36000;BANANAS;4950;28;;;;;4957;28;;;;;4953.5;341.8545
-1;36100;PEARLS;9995;26;;;;;9998;4;10005;26;;;9996.5;442.0
-1;36100;BANANAS;4950;26;;;;;4957;26;;;;;4953.5;341.7207
-1;36200;BANANAS;4950;30;;;;;4955;3;4957;30;;;4952.5;341.59277
-1;36200;PEARLS;9996;1;9995;29;;;10002;3;10004;1;10005;29;9999.0;450.0
-1;36300;PEARLS;9995;22;;;;;9998;1;10005;22;;;9996.5;450.0
-1;36300;BANANAS;4951;21;;;;;4958;22;;;;;4954.5;340.63574
-1;36400;PEARLS;9996;1;9995;27;;;10002;5;10004;1;10005;27;9999.0;452.0
-1;36400;BANANAS;4950;28;;;;;4955;5;4957;28;;;4952.5;342.1416
-1;36500;BANANAS;4951;1;4950;26;;;4955;10;4957;27;;;4953.0;341.51074
-1;36500;PEARLS;9996;1;9995;26;;;10002;10;10004;1;10005;26;9999.0;452.0
-1;36600;BANANAS;4951;1;4950;21;;;4957;21;;;;;4954.0;342.85352
-1;36600;PEARLS;10002;4;9998;1;9995;21;10005;21;;;;;10003.5;455.0
-1;36700;BANANAS;4954;11;4949;30;;;4956;30;;;;;4955.0;343.14648
-1;36700;PEARLS;10002;1;9995;30;;;10005;30;;;;;10003.5;463.0
-1;36800;PEARLS;10002;1;9996;1;9995;26;10004;1;10005;26;;;10003.0;467.0
-1;36800;BANANAS;4950;27;;;;;4953;2;4957;27;;;4951.5;350.03906
-1;36900;PEARLS;9996;2;9995;29;;;10002;3;10004;2;10005;29;9999.0;469.0
-1;36900;BANANAS;4950;31;;;;;4955;3;4957;31;;;4952.5;348.10156
-1;37000;BANANAS;4953;2;4951;4;4950;23;4957;23;;;;;4955.0;346.44922
-1;37000;PEARLS;9998;4;9995;23;;;10005;23;;;;;10001.5;469.0
-1;37100;PEARLS;9996;1;9995;23;;;10004;1;10005;23;;;10000.0;469.0
-1;37100;BANANAS;4955;1;4950;24;;;4957;24;;;;;4956.0;352.1914
-1;37200;PEARLS;9998;2;9995;22;;;10005;22;;;;;10001.5;469.0
-1;37200;BANANAS;4951;3;4950;22;;;4957;22;;;;;4954.0;352.73047
-1;37300;PEARLS;10002;5;9995;27;;;10005;27;;;;;10003.5;469.0
-1;37300;BANANAS;4950;27;;;;;4955;7;4957;27;;;4952.5;356.35547
-1;37400;BANANAS;4950;1;4949;22;;;4956;23;;;;;4953.0;359.7578
-1;37400;PEARLS;9996;1;9995;22;;;10004;1;10005;22;;;10000.0;479.0
-1;37500;PEARLS;10002;1;9998;2;9995;29;10005;29;;;;;10003.5;479.0
-1;37500;BANANAS;4955;1;4951;2;4950;29;4957;29;;;;;4956.0;353.8125
-1;37600;PEARLS;9996;2;9995;24;;;10004;2;10005;24;;;10000.0;481.0
-1;37600;BANANAS;4950;26;;;;;4957;26;;;;;4953.5;356.03125
-1;37700;PEARLS;9996;1;9995;28;;;10004;1;10005;28;;;10000.0;481.0
-1;37700;BANANAS;4955;1;4950;29;;;4957;29;;;;;4956.0;353.6875
-1;37800;BANANAS;4950;29;;;;;4957;29;;;;;4953.5;357.7578
-1;37800;PEARLS;9996;2;9995;27;;;10004;2;10005;27;;;10000.0;481.0
-1;37900;BANANAS;4950;29;;;;;4952;2;4957;29;;;4951.0;358.69922
-1;37900;PEARLS;9996;2;9995;27;;;10000;3;10004;2;10005;27;9998.0;481.0
-1;38000;PEARLS;9995;25;;;;;10002;5;10005;25;;;9998.5;481.0
-1;38000;BANANAS;4950;25;;;;;4954;5;4956;25;;;4952.0;367.83203
-1;38100;BANANAS;4949;28;;;;;4950;1;4956;28;;;4949.5;372.27344
-1;38100;PEARLS;9995;28;;;;;10005;28;;;;;10000.0;481.0
-1;38200;BANANAS;4950;5;4949;23;;;4956;23;;;;;4953.0;375.57422
-1;38200;PEARLS;9995;23;;;;;9998;2;10005;23;;;9996.5;481.0
-1;38300;BANANAS;4949;1;4948;26;;;4955;27;;;;;4952.0;380.69922
-1;38300;PEARLS;9996;1;9995;26;;;10004;1;10005;26;;;10000.0;485.0
-1;38400;PEARLS;10002;1;9995;21;;;10005;21;;;;;10003.5;485.0
-1;38400;BANANAS;4948;21;;;;;4949;1;4955;21;;;4948.5;391.26758
-1;38500;BANANAS;4954;1;4949;25;;;4955;2;4956;23;;;4954.5;393.96094
-1;38500;PEARLS;10002;1;9996;2;9995;23;10004;2;10005;23;;;10003.0;487.0
-1;38600;BANANAS;4948;27;;;;;4955;27;;;;;4951.5;396.08887
-1;38600;PEARLS;10002;5;9995;27;;;10005;27;;;;;10003.5;489.0
-1;38700;BANANAS;4949;30;;;;;4955;1;4956;29;;;4952.0;395.84766
-1;38700;PEARLS;9996;1;9995;29;;;10004;1;10005;29;;;10000.0;499.0
-1;38800;PEARLS;9995;27;;;;;10005;27;;;;;10000.0;499.0
-1;38800;BANANAS;4949;27;;;;;4956;27;;;;;4952.5;395.8037
-1;38900;BANANAS;4950;26;;;;;4955;4;4956;1;4957;25;4952.5;393.92773
-1;38900;PEARLS;9996;1;9995;25;;;10004;1;10005;25;;;10000.0;499.0
-1;39000;BANANAS;4950;29;;;;;4957;29;;;;;4953.5;393.4619
-1;39000;PEARLS;9995;29;;;;;10005;29;;;;;10000.0;499.0
-1;39100;BANANAS;4949;30;;;;;4954;10;4956;30;;;4951.5;394.7207
-1;39100;PEARLS;9996;1;9995;29;;;10002;10;10004;1;10005;29;9999.0;499.0
-1;39200;PEARLS;9995;24;;;;;10005;24;;;;;10000.0;499.0
-1;39200;BANANAS;4955;1;4949;24;;;4956;24;;;;;4955.5;394.1416
-1;39300;BANANAS;4950;3;4949;27;;;4956;27;;;;;4953.0;398.01367
-1;39300;PEARLS;9998;3;9996;1;9995;26;10004;1;10005;26;;;10001.0;499.0
-1;39400;BANANAS;4950;2;4949;27;;;4956;29;;;;;4953.0;396.45117
-1;39400;PEARLS;9996;2;9995;27;;;10004;2;10005;27;;;10000.0;499.0
-1;39500;BANANAS;4950;22;;;;;4957;22;;;;;4953.5;394.0703
-1;39500;PEARLS;9996;2;9995;20;;;10004;2;10005;20;;;10000.0;500.0
-1;39600;PEARLS;9995;22;;;;;10005;22;;;;;10000.0;500.0
-1;39600;BANANAS;4949;22;;;;;4956;22;;;;;4952.5;396.54297
-1;39700;BANANAS;4949;20;;;;;4956;20;;;;;4952.5;396.71484
-1;39700;PEARLS;9995;20;;;;;10005;20;;;;;10000.0;502.0
-1;39800;BANANAS;4949;31;;;;;4954;3;4956;31;;;4951.5;398.1504
-1;39800;PEARLS;9996;1;9995;30;;;10002;3;10004;1;10005;30;9999.0;515.0
-1;39900;BANANAS;4950;1;4949;32;;;4956;32;;;;;4953.0;399.12305
-1;39900;PEARLS;9998;1;9996;2;9995;30;10004;2;10005;30;;;10001.0;515.0
-1;40000;PEARLS;9998;9;9996;1;9995;30;10004;1;10005;30;;;10001.0;515.0
-1;40000;BANANAS;4953;5;4950;9;4949;31;4955;1;4956;30;;;4954.0;400.68945
-1;40100;BANANAS;4949;27;;;;;4956;27;;;;;4952.5;403.1172
-1;40100;PEARLS;10002;1;9995;27;;;10005;27;;;;;10003.5;515.0
-1;40200;BANANAS;4949;23;;;;;4954;7;4956;23;;;4951.5;402.10938
-1;40200;PEARLS;9996;1;9995;22;;;10002;7;10004;1;10005;22;9999.0;517.0
-1;40300;BANANAS;4949;25;;;;;4955;1;4956;24;;;4952.0;405.125
-1;40300;PEARLS;9996;1;9995;24;;;10000;4;10004;1;10005;24;9998.0;517.0
-1;40400;PEARLS;9996;1;9995;20;;;10002;10;10004;1;10005;20;9999.0;529.0
-1;40400;BANANAS;4948;21;;;;;4953;10;4954;1;4955;20;4950.5;414.78125
-1;40500;BANANAS;4948;24;;;;;4951;2;4955;24;;;4949.5;415.39453
-1;40500;PEARLS;9995;24;;;;;10005;24;;;;;10000.0;529.0
-1;40600;BANANAS;4948;2;4947;24;;;4954;26;;;;;4951.0;418.41406
-1;40600;PEARLS;9996;2;9995;24;;;9998;7;10004;2;10005;24;9997.0;529.0
-1;40700;BANANAS;4948;26;;;;;4955;26;;;;;4951.5;410.41016
-1;40700;PEARLS;9996;2;9995;24;;;10004;2;10005;24;;;10000.0;543.0
-1;40800;PEARLS;9995;29;;;;;10005;29;;;;;10000.0;543.0
-1;40800;BANANAS;4948;29;;;;;4955;29;;;;;4951.5;410.9453
-1;40900;PEARLS;9995;22;;;;;10005;22;;;;;10000.0;543.0
-1;40900;BANANAS;4948;22;;;;;4955;22;;;;;4951.5;409.1172
-1;41000;BANANAS;4949;5;4948;22;;;4951;4;4955;22;;;4950.0;412.20312
-1;41000;PEARLS;9998;5;9995;22;;;10005;22;;;;;10001.5;543.0
-1;41100;BANANAS;4947;23;;;;;4954;23;;;;;4950.5;421.625
-1;41100;PEARLS;9996;1;9995;22;;;10004;1;10005;22;;;10000.0;543.0
-1;41200;BANANAS;4947;26;;;;;4954;26;;;;;4950.5;422.51562
-1;41200;PEARLS;9996;1;9995;25;;;9998;8;10004;1;10005;25;9997.0;543.0
-1;41300;PEARLS;9996;1;9995;20;;;10000;6;10002;2;10004;1;9998.0;559.0
-1;41300;BANANAS;4946;21;;;;;4951;2;4953;21;;;4948.5;429.65625
-1;41400;PEARLS;9995;23;;;;;10005;23;;;;;10000.0;559.0
-1;41400;BANANAS;4947;22;;;;;4950;4;4954;23;;;4948.5;425.08203
-1;41500;BANANAS;4948;6;4947;30;;;4954;30;;;;;4951.0;423.4453
-1;41500;PEARLS;9998;5;9995;30;;;10005;30;;;;;10001.5;559.0
-1;41600;PEARLS;9996;1;9995;27;;;9998;5;10004;1;10005;27;9997.0;559.0
-1;41600;BANANAS;4948;1;4947;27;;;4954;28;;;;;4951.0;416.5039
-1;41700;PEARLS;9995;20;;;;;10005;20;;;;;10000.0;569.0
-1;41700;BANANAS;4947;20;;;;;4954;20;;;;;4950.5;418.35938
-1;41800;PEARLS;9996;2;9995;28;;;10002;3;10004;2;10005;28;9999.0;569.0
-1;41800;BANANAS;4947;30;;;;;4952;3;4954;30;;;4949.5;419.17188
-1;41900;BANANAS;4949;4;4948;30;;;4955;30;;;;;4952.0;412.22656
-1;41900;PEARLS;9998;4;9996;2;9995;28;10004;2;10005;28;;;10001.0;569.0
-1;42000;PEARLS;9996;2;9995;28;;;10004;2;10005;28;;;10000.0;569.0
-1;42000;BANANAS;4948;30;;;;;4955;30;;;;;4951.5;410.30078
-1;42100;PEARLS;9995;24;;;;;10005;24;;;;;10000.0;569.0
-1;42100;BANANAS;4948;24;;;;;4955;24;;;;;4951.5;409.7422
-1;42200;PEARLS;9995;26;;;;;10002;4;10005;26;;;9998.5;569.0
-1;42200;BANANAS;4948;26;;;;;4953;4;4955;26;;;4950.5;408.97266
-1;42300;BANANAS;4953;1;4948;24;;;4955;24;;;;;4954.0;413.98828
-1;42300;PEARLS;10000;4;9995;24;;;10005;24;;;;;10002.5;571.0
-1;42400;BANANAS;4948;25;;;;;4954;1;4955;24;;;4951.0;419.8047
-1;42400;PEARLS;9996;1;9995;24;;;9998;5;10004;1;10005;24;9997.0;572.0
-1;42500;PEARLS;9996;2;9995;22;;;10004;2;10005;22;;;10000.0;574.0
-1;42500;BANANAS;4948;23;;;;;4954;2;4955;22;;;4951.0;420.125
-1;42600;PEARLS;9995;25;;;;;10002;10;10005;25;;;9998.5;574.0
-1;42600;BANANAS;4947;25;;;;;4952;10;4954;25;;;4949.5;425.01562
-1;42700;PEARLS;9996;2;9995;20;;;10004;2;10005;20;;;10000.0;574.0
-1;42700;BANANAS;4947;21;;;;;4954;22;;;;;4950.5;428.3086
-1;42800;BANANAS;4947;23;;;;;4954;23;;;;;4950.5;430.1836
-1;42800;PEARLS;9995;23;;;;;10005;23;;;;;10000.0;574.0
-1;42900;PEARLS;9995;22;;;;;10005;22;;;;;10000.0;574.0
-1;42900;BANANAS;4946;22;;;;;4953;22;;;;;4949.5;431.8672
-1;43000;PEARLS;10002;7;9996;1;9995;24;10004;1;10005;24;;;10003.0;574.0
-1;43000;BANANAS;4946;25;;;;;4953;25;;;;;4949.5;435.90625
-1;43100;PEARLS;9996;2;9995;23;;;10002;3;10004;2;10005;23;9999.0;588.0
-1;43100;BANANAS;4946;25;;;;;4951;3;4952;2;4953;23;4948.5;436.2539
-1;43200;BANANAS;4946;28;;;;;4953;28;;;;;4949.5;434.15625
-1;43200;PEARLS;9996;1;9995;27;;;10000;1;10004;1;10005;27;9998.0;588.0
-1;43300;PEARLS;9995;20;;;;;10005;20;;;;;10000.0;588.0
-1;43300;BANANAS;4946;20;;;;;4953;20;;;;;4949.5;436.85938
-1;43400;PEARLS;9996;2;9995;27;;;10002;8;10004;2;10005;27;9999.0;588.0
-1;43400;BANANAS;4946;28;;;;;4951;8;4952;2;4953;27;4948.5;436.1914
-1;43500;PEARLS;9996;1;9995;23;;;10002;10;10004;1;10005;23;9999.0;588.0
-1;43500;BANANAS;4946;24;;;;;4951;10;4952;1;4953;23;4948.5;437.63672
-1;43600;BANANAS;4945;21;;;;;4950;1;4952;21;;;4947.5;439.9297
-1;43600;PEARLS;9995;21;;;;;10002;1;10005;21;;;9998.5;588.0
-1;43700;PEARLS;9996;2;9995;26;;;10004;2;10005;26;;;10000.0;588.0
-1;43700;BANANAS;4946;2;4945;26;;;4952;28;;;;;4949.0;439.77344
-1;43800;PEARLS;9995;25;;;;;9998;1;10005;25;;;9996.5;588.0
-1;43800;BANANAS;4945;25;;;;;4952;25;;;;;4948.5;444.28906
-1;43900;PEARLS;9995;28;;;;;10005;28;;;;;10000.0;590.0
-1;43900;BANANAS;4945;28;;;;;4952;28;;;;;4948.5;443.3828
-1;44000;BANANAS;4945;26;;;;;4948;6;4951;26;;;4946.5;444.90625
-1;44000;PEARLS;10002;4;9996;1;9995;25;10004;1;10005;25;;;10003.0;590.0
-1;44100;PEARLS;9996;2;9995;28;;;10004;2;10005;28;;;10000.0;598.0
-1;44100;BANANAS;4945;1;4944;28;;;4951;30;;;;;4948.0;446.38672
-1;44200;PEARLS;9998;4;9996;2;9995;20;10004;2;10005;20;;;10001.0;602.0
-1;44200;BANANAS;4945;6;4944;20;;;4951;22;;;;;4948.0;449.97852
-1;44300;PEARLS;9996;1;9995;24;;;10004;1;10005;24;;;10000.0;606.0
-1;44300;BANANAS;4945;25;;;;;4952;25;;;;;4948.5;446.76367
-1;44400;BANANAS;4945;30;;;;;4952;30;;;;;4948.5;447.23438
-1;44400;PEARLS;9996;1;9995;29;;;10004;1;10005;29;;;10000.0;606.0
-1;44500;PEARLS;9996;1;9995;26;;;10004;1;10005;26;;;10000.0;606.0
-1;44500;BANANAS;4945;27;;;;;4952;27;;;;;4948.5;446.2168
-1;44600;PEARLS;9995;23;;;;;10005;23;;;;;10000.0;608.0
-1;44600;BANANAS;4945;23;;;;;4952;23;;;;;4948.5;448.74805
-1;44700;PEARLS;9996;1;9995;23;;;10002;9;10004;1;10005;23;9999.0;608.0
-1;44700;BANANAS;4945;1;4944;23;;;4949;9;4951;24;;;4947.0;450.51562
-1;44800;BANANAS;4945;2;4944;22;;;4949;10;4951;24;;;4947.0;452.72266
-1;44800;PEARLS;9996;2;9995;22;;;10002;10;10004;2;10005;22;9999.0;609.0
-1;44900;PEARLS;9995;26;;;;;10002;6;10005;26;;;9998.5;609.0
-1;44900;BANANAS;4945;26;;;;;4950;6;4952;26;;;4947.5;451.88086
-1;45000;PEARLS;9996;1;9995;26;;;10004;1;10005;26;;;10000.0;609.0
-1;45000;BANANAS;4945;27;;;;;4951;1;4952;26;;;4948.0;451.4629
-1;45100;PEARLS;9996;2;9995;25;;;9998;1;10004;2;10005;25;9997.0;609.0
-1;45100;BANANAS;4945;27;;;;;4951;2;4952;25;;;4948.0;451.76367
-1;45200;BANANAS;4945;27;;;;;4952;27;;;;;4948.5;450.14062
-1;45200;PEARLS;9995;27;;;;;10005;27;;;;;10000.0;611.0
-1;45300;BANANAS;4945;29;;;;;4946;1;4952;29;;;4945.5;450.14648
-1;45300;PEARLS;9996;1;9995;28;;;9998;1;10004;1;10005;28;9997.0;611.0
-1;45400;PEARLS;9996;1;9995;27;;;10004;1;10005;27;;;10000.0;617.0
-1;45400;BANANAS;4946;28;;;;;4952;1;4953;27;;;4949.0;451.53516
-1;45500;BANANAS;4946;1;4945;23;;;4952;24;;;;;4949.0;452.14844
-1;45500;PEARLS;9996;1;9995;23;;;10004;1;10005;23;;;10000.0;617.0
-1;45600;BANANAS;4951;1;4946;1;4945;24;4952;25;;;;;4951.5;452.1953
-1;45600;PEARLS;9996;1;9995;24;;;10004;1;10005;24;;;10000.0;617.0
-1;45700;PEARLS;10002;4;9995;30;;;10005;30;;;;;10003.5;617.0
-1;45700;BANANAS;4945;30;;;;;4952;30;;;;;4948.5;454.69336
-1;45800;PEARLS;9996;2;9995;24;;;10004;2;10005;24;;;10000.0;625.0
-1;45800;BANANAS;4946;2;4945;24;;;4952;26;;;;;4949.0;454.73047
-1;45900;PEARLS;9996;1;9995;21;;;10002;1;10004;1;10005;21;9999.0;625.0
-1;45900;BANANAS;4946;1;4945;21;;;4950;1;4952;22;;;4948.0;454.29883
-1;46000;BANANAS;4946;27;;;;;4952;2;4953;25;;;4949.0;453.90332
-1;46000;PEARLS;9996;2;9995;25;;;9998;5;10004;2;10005;25;9997.0;625.0
-1;46100;PEARLS;9996;2;9995;25;;;10004;2;10005;25;;;10000.0;641.0
-1;46100;BANANAS;4945;27;;;;;4946;1;4952;27;;;4945.5;454.85156
-1;46200;PEARLS;9995;28;;;;;10005;28;;;;;10000.0;641.0
-1;46200;BANANAS;4945;28;;;;;4946;2;4952;28;;;4945.5;458.68164
-1;46300;PEARLS;9996;1;9995;22;;;10004;1;10005;22;;;10000.0;641.0
-1;46300;BANANAS;4950;1;4945;1;4944;22;4951;23;;;;;4950.5;463.0
-1;46400;BANANAS;4944;26;;;;;4951;26;;;;;4947.5;465.34277
-1;46400;PEARLS;9995;26;;;;;10005;26;;;;;10000.0;641.0
-1;46500;PEARLS;9996;2;9995;23;;;10002;5;10004;2;10005;23;9999.0;641.0
-1;46500;BANANAS;4944;25;;;;;4945;1;4949;5;4951;25;4944.5;465.40723
-1;46600;PEARLS;9996;2;9995;21;;;10002;2;10004;2;10005;21;9999.0;641.0
-1;46600;BANANAS;4947;4;4944;23;;;4949;2;4951;23;;;4948.0;468.0
-1;46700;PEARLS;9996;1;9995;22;;;10004;1;10005;22;;;10000.0;641.0
-1;46700;BANANAS;4944;23;;;;;4951;23;;;;;4947.5;468.0
-1;46800;BANANAS;4945;6;4944;22;;;4951;23;;;;;4948.0;468.0
-1;46800;PEARLS;9998;4;9996;1;9995;22;10004;1;10005;22;;;10001.0;641.0
-1;46900;BANANAS;4950;1;4944;28;;;4951;28;;;;;4950.5;468.0
-1;46900;PEARLS;9996;2;9995;26;;;10004;2;10005;26;;;10000.0;641.0
-1;47000;PEARLS;9995;20;;;;;10002;8;10005;20;;;9998.5;641.0
-1;47000;BANANAS;4944;20;;;;;4949;8;4951;20;;;4946.5;470.9536
-1;47100;BANANAS;4945;4;4944;24;;;4951;24;;;;;4948.0;473.55127
-1;47100;PEARLS;9998;5;9995;24;;;10005;24;;;;;10001.5;643.0
-1;47200;BANANAS;4950;1;4944;29;;;4951;29;;;;;4950.5;473.9048
-1;47200;PEARLS;9995;29;;;;;10005;29;;;;;10000.0;643.0
-1;47300;BANANAS;4944;24;;;;;4951;24;;;;;4947.5;476.0
-1;47300;PEARLS;9995;24;;;;;10005;24;;;;;10000.0;643.0
-1;47400;PEARLS;9996;2;9995;24;;;10002;5;10004;2;10005;24;9999.0;643.0
-1;47400;BANANAS;4945;26;;;;;4950;5;4951;2;4952;24;4947.5;476.0
-1;47500;BANANAS;4944;28;;;;;4950;28;;;;;4947.0;476.0
-1;47500;PEARLS;9995;28;;;;;10005;28;;;;;10000.0;643.0
-1;47600;BANANAS;4943;21;;;;;4950;21;;;;;4946.5;476.0
-1;47600;PEARLS;9995;21;;;;;10005;21;;;;;10000.0;643.0
-1;47700;BANANAS;4943;24;;;;;4949;1;4950;23;;;4946.0;478.19238
-1;47700;PEARLS;9996;1;9995;23;;;9998;1;10004;1;10005;23;9997.0;643.0
-1;47800;PEARLS;9995;22;;;;;9998;1;10002;8;10005;22;9996.5;643.0
-1;47800;BANANAS;4943;22;;;;;4948;8;4950;22;;;4945.5;478.20703
-1;47900;BANANAS;4944;1;4943;21;;;4949;21;;;;;4946.5;477.99023
-1;47900;PEARLS;9998;1;9995;21;;;10005;21;;;;;10001.5;643.0
-1;48000;BANANAS;4943;5;4942;27;;;4949;29;;;;;4946.0;477.8789
-1;48000;PEARLS;9998;3;9996;2;9995;27;10004;2;10005;27;;;10001.0;643.0
-1;48100;BANANAS;4942;29;;;;;4949;29;;;;;4945.5;477.7832
-1;48100;PEARLS;9995;29;;;;;10005;29;;;;;10000.0;643.0
-1;48200;PEARLS;9996;1;9995;25;;;10004;1;10005;25;;;10000.0;643.0
-1;48200;BANANAS;4942;26;;;;;4949;26;;;;;4945.5;477.333
-1;48300;BANANAS;4948;1;4942;29;;;4949;29;;;;;4948.5;477.11426
-1;48300;PEARLS;9995;29;;;;;10005;29;;;;;10000.0;643.0
-1;48400;BANANAS;4947;1;4942;22;;;4949;22;;;;;4948.0;479.16016
-1;48400;PEARLS;9995;22;;;;;10005;22;;;;;10000.0;643.0
-1;48500;BANANAS;4942;25;;;;;4949;25;;;;;4945.5;481.0
-1;48500;PEARLS;9995;25;;;;;10005;25;;;;;10000.0;643.0
-1;48600;PEARLS;9996;2;9995;20;;;10002;4;10004;2;10005;20;9999.0;643.0
-1;48600;BANANAS;4942;22;;;;;4947;4;4948;2;4949;20;4944.5;481.0
-1;48700;BANANAS;4941;21;;;;;4948;21;;;;;4944.5;481.0
-1;48700;PEARLS;10002;2;9995;21;;;10005;21;;;;;10003.5;643.0
-1;48800;BANANAS;4943;10;4942;31;;;4949;31;;;;;4946.0;481.0
-1;48800;PEARLS;9998;10;9996;2;9995;29;10004;2;10005;29;;;10001.0;647.0
-1;48900;BANANAS;4942;3;4941;24;;;4948;25;;;;;4945.0;481.0
-1;48900;PEARLS;9998;3;9996;1;9995;24;10004;1;10005;24;;;10001.0;647.0
-1;49000;PEARLS;9995;29;;;;;10005;29;;;;;10000.0;647.0
-1;49000;BANANAS;4941;29;;;;;4948;29;;;;;4944.5;481.0
-1;49100;BANANAS;4942;3;4941;26;;;4948;26;;;;;4945.0;481.0
-1;49100;PEARLS;9998;3;9995;26;;;10005;26;;;;;10001.5;647.0
-1;49200;BANANAS;4940;25;;;;;4946;2;4947;23;;;4943.0;481.30176
-1;49200;PEARLS;9996;2;9995;23;;;10004;2;10005;23;;;10000.0;651.0
-1;49300;BANANAS;4945;1;4940;29;;;4946;29;;;;;4945.5;481.04492
-1;49300;PEARLS;9995;29;;;;;10005;29;;;;;10000.0;651.0
-1;49400;PEARLS;9998;5;9996;1;9995;21;10004;1;10005;21;;;10001.0;651.0
-1;49400;BANANAS;4945;1;4941;5;4940;22;4947;22;;;;;4946.0;483.4663
-1;49500;BANANAS;4940;23;;;;;4947;23;;;;;4943.5;485.0
-1;49500;PEARLS;9995;23;;;;;10005;23;;;;;10000.0;651.0
-1;49600;BANANAS;4940;22;;;;;4947;22;;;;;4943.5;485.0
-1;49600;PEARLS;9995;22;;;;;10005;22;;;;;10000.0;651.0
-1;49700;BANANAS;4941;24;;;;;4946;9;4947;2;4948;22;4943.5;485.0
-1;49700;PEARLS;9996;2;9995;22;;;10002;8;10004;2;10005;22;9999.0;651.0
-1;49800;BANANAS;4941;22;;;;;4948;22;;;;;4944.5;485.0
-1;49800;PEARLS;9996;1;9995;21;;;9998;1;10004;1;10005;21;9997.0;651.0
-1;49900;PEARLS;9996;2;9995;20;;;10004;2;10005;20;;;10000.0;651.0
-1;49900;BANANAS;4941;22;;;;;4946;1;4947;2;4948;20;4943.5;485.0
-1;50000;BANANAS;4943;1;4940;30;;;4947;30;;;;;4945.0;485.0
-1;50000;PEARLS;9996;1;9995;29;;;10004;1;10005;29;;;10000.0;651.0
-1;50100;BANANAS;4941;32;;;;;4947;2;4948;30;;;4944.0;485.0
-1;50100;PEARLS;9996;2;9995;30;;;10004;2;10005;30;;;10000.0;651.0
-1;50200;PEARLS;9998;1;9996;2;9995;23;10004;2;10005;23;;;10001.0;653.0
-1;50200;BANANAS;4942;1;4941;25;;;4948;25;;;;;4945.0;485.56934
-1;50300;PEARLS;9996;1;9995;25;;;10002;5;10004;1;10005;25;9999.0;653.0
-1;50300;BANANAS;4942;1;4941;25;;;4946;6;4948;26;;;4944.0;485.1045
-1;50400;PEARLS;10002;4;9996;1;9995;29;10004;1;10005;29;;;10003.0;653.0
-1;50400;BANANAS;4942;1;4941;29;;;4948;30;;;;;4945.0;485.51953
-1;50500;BANANAS;4942;1;4941;28;;;4948;29;;;;;4945.0;485.0918
-1;50500;PEARLS;10002;4;9996;1;9995;28;10004;1;10005;28;;;10003.0;661.0
-1;50600;PEARLS;9996;1;9995;23;;;10004;1;10005;23;;;10000.0;669.0
-1;50600;BANANAS;4947;1;4942;24;;;4948;1;4949;23;;;4947.5;484.88672
-1;50700;PEARLS;9995;25;;;;;10002;3;10005;25;;;9998.5;669.0
-1;50700;BANANAS;4941;25;;;;;4943;1;4946;3;4948;25;4942.0;487.23828
-1;50800;PEARLS;9995;24;;;;;9998;1;10002;6;10005;24;9996.5;669.0
-1;50800;BANANAS;4941;24;;;;;4946;6;4948;24;;;4943.5;489.2959
-1;50900;BANANAS;4941;27;;;;;4948;27;;;;;4944.5;489.72852
-1;50900;PEARLS;9996;1;9995;26;;;10004;1;10005;26;;;10000.0;671.0
-1;51000;PEARLS;9996;2;9995;22;;;10004;2;10005;22;;;10000.0;671.0
-1;51000;BANANAS;4942;2;4941;22;;;4948;24;;;;;4945.0;489.07715
-1;51100;PEARLS;9996;1;9995;26;;;10004;1;10005;26;;;10000.0;671.0
-1;51100;BANANAS;4941;27;;;;;4948;27;;;;;4944.5;489.78418
-1;51200;PEARLS;9996;2;9995;30;;;10004;2;10005;30;;;10000.0;671.0
-1;51200;BANANAS;4941;2;4940;30;;;4947;32;;;;;4944.0;491.3838
-1;51300;PEARLS;9996;2;9995;23;;;10004;2;10005;23;;;10000.0;671.0
-1;51300;BANANAS;4941;25;;;;;4947;25;;;;;4944.0;491.00977
-1;51400;BANANAS;4941;23;;;;;4948;23;;;;;4944.5;490.93066
-1;51400;PEARLS;9995;23;;;;;10005;23;;;;;10000.0;671.0
-1;51500;PEARLS;9996;2;9995;20;;;10004;2;10005;20;;;10000.0;671.0
-1;51500;BANANAS;4941;22;;;;;4948;22;;;;;4944.5;490.25488
-1;51600;PEARLS;9996;2;9995;29;;;10004;2;10005;29;;;10000.0;671.0
-1;51600;BANANAS;4941;31;;;;;4947;2;4948;29;;;4944.0;490.63867
-1;51700;PEARLS;9996;2;9995;30;;;10002;5;10004;2;10005;30;9999.0;671.0
-1;51700;BANANAS;4941;32;;;;;4946;5;4947;2;4948;30;4943.5;490.45215
-1;51800;BANANAS;4942;2;4941;24;;;4948;26;;;;;4945.0;489.5498
-1;51800;PEARLS;9996;2;9995;24;;;10004;2;10005;24;;;10000.0;671.0
-1;51900;PEARLS;9996;1;9995;26;;;10002;6;10004;1;10005;26;9999.0;671.0
-1;51900;BANANAS;4941;27;;;;;4946;6;4948;27;;;4943.5;489.94922
-1;52000;PEARLS;10000;3;9996;1;9995;23;10004;1;10005;23;;;10002.0;671.0
-1;52000;BANANAS;4941;24;;;;;4947;1;4948;23;;;4944.0;490.8037
-1;52100;PEARLS;9995;30;;;;;10005;30;;;;;10000.0;671.0
-1;52100;BANANAS;4940;30;;;;;4947;30;;;;;4943.5;491.34277
-1;52200;BANANAS;4941;28;;;;;4946;3;4948;28;;;4943.5;490.44043
-1;52200;PEARLS;9995;28;;;;;10002;3;10005;28;;;9998.5;671.0
-1;52300;PEARLS;9995;21;;;;;10002;3;10005;21;;;9998.5;671.0
-1;52300;BANANAS;4940;21;;;;;4945;2;4947;21;;;4942.5;491.10742
-1;52400;PEARLS;10000;6;9996;2;9995;22;10004;2;10005;22;;;10002.0;671.0
-1;52400;BANANAS;4941;2;4940;22;;;4947;24;;;;;4944.0;491.12207
-1;52500;PEARLS;9996;1;9995;30;;;10004;1;10005;30;;;10000.0;671.0
-1;52500;BANANAS;4941;1;4940;30;;;4947;31;;;;;4944.0;491.19336
-1;52600;BANANAS;4941;24;;;;;4947;1;4948;23;;;4944.0;490.73633
-1;52600;PEARLS;9996;1;9995;23;;;9998;2;10004;1;10005;23;9997.0;671.0
-1;52700;PEARLS;9995;29;;;;;9998;1;10005;29;;;9996.5;675.0
-1;52700;BANANAS;4941;29;;;;;4948;29;;;;;4944.5;490.6914
-1;52800;PEARLS;9995;24;;;;;9998;1;10005;24;;;9996.5;681.0
-1;52800;BANANAS;4941;24;;;;;4948;24;;;;;4944.5;493.0
-1;52900;PEARLS;9996;1;9995;30;;;10004;1;10005;30;;;10000.0;683.0
-1;52900;BANANAS;4941;31;;;;;4947;1;4948;30;;;4944.0;493.0
-1;53000;BANANAS;4941;28;;;;;4948;28;;;;;4944.5;493.0
-1;53000;PEARLS;9995;28;;;;;10005;28;;;;;10000.0;683.0
-1;53100;PEARLS;9996;1;9995;30;;;10004;1;10005;30;;;10000.0;683.0
-1;53100;BANANAS;4943;31;;;;;4949;1;4950;30;;;4946.0;493.0
-1;53200;PEARLS;9996;1;9995;30;;;9998;1;10004;1;10005;30;9997.0;683.0
-1;53200;BANANAS;4943;31;;;;;4950;31;;;;;4946.5;493.0
-1;53300;PEARLS;9996;1;9995;23;;;10004;1;10005;23;;;10000.0;685.0
-1;53300;BANANAS;4943;24;;;;;4950;24;;;;;4946.5;493.0
-1;53400;BANANAS;4942;23;;;;;4943;1;4949;23;;;4942.5;493.0
-1;53400;PEARLS;9995;23;;;;;10005;23;;;;;10000.0;685.0
-1;53500;PEARLS;9996;1;9995;25;;;10002;8;10004;1;10005;25;9999.0;685.0
-1;53500;BANANAS;4943;26;;;;;4948;8;4949;1;4950;25;4945.5;496.14014
-1;53600;PEARLS;9998;2;9995;23;;;10005;23;;;;;10001.5;685.0
-1;53600;BANANAS;4943;1;4942;23;;;4949;23;;;;;4946.0;495.7578
-1;53700;PEARLS;9996;2;9995;25;;;10002;10;10004;2;10005;25;9999.0;689.0
-1;53700;BANANAS;4943;27;;;;;4948;10;4949;2;4950;25;4945.5;496.13916
-1;53800;BANANAS;4944;2;4943;23;;;4948;6;4950;25;;;4946.0;496.7749
-1;53800;PEARLS;9996;2;9995;23;;;9998;13;10002;6;10004;2;9997.0;689.0
-1;53900;PEARLS;9995;28;;;;;10005;28;;;;;10000.0;689.0
-1;53900;BANANAS;4949;1;4948;4;4944;28;4951;28;;;;;4950.0;497.2168
-1;54000;PEARLS;9996;1;9995;21;;;10004;1;10005;21;;;10000.0;689.0
-1;54000;BANANAS;4945;1;4944;21;;;4951;22;;;;;4948.0;499.53125
-1;54100;PEARLS;9995;23;;;;;10005;23;;;;;10000.0;689.0
-1;54100;BANANAS;4944;23;;;;;4951;23;;;;;4947.5;501.49805
-1;54200;BANANAS;4943;21;;;;;4950;21;;;;;4946.5;504.14844
-1;54200;PEARLS;9996;1;9995;20;;;10004;1;10005;20;;;10000.0;689.0
-1;54300;BANANAS;4945;1;4944;25;;;4951;25;;;;;4948.0;501.88672
-1;54300;PEARLS;9998;1;9995;25;;;10005;25;;;;;10001.5;689.0
-1;54400;PEARLS;9996;2;9995;22;;;10004;2;10005;22;;;10000.0;689.0
-1;54400;BANANAS;4944;23;;;;;4951;24;;;;;4947.5;501.64258
-1;54500;BANANAS;4944;29;;;;;4945;1;4949;9;4951;29;4944.5;501.07422
-1;54500;PEARLS;9995;29;;;;;10002;9;10005;29;;;9998.5;689.0
-1;54600;BANANAS;4945;4;4944;28;;;4950;2;4951;26;;;4947.5;504.5332
-1;54600;PEARLS;9998;4;9996;2;9995;26;10004;2;10005;26;;;10001.0;689.0
-1;54700;PEARLS;9998;2;9995;21;;;10005;21;;;;;10001.5;689.0
-1;54700;BANANAS;4944;3;4943;21;;;4950;21;;;;;4947.0;505.56836
-1;54800;PEARLS;9996;1;9995;23;;;10004;1;10005;23;;;10000.0;689.0
-1;54800;BANANAS;4943;24;;;;;4950;24;;;;;4946.5;506.7793
-1;54900;PEARLS;9996;1;9995;28;;;10004;1;10005;28;;;10000.0;689.0
-1;54900;BANANAS;4943;1;4942;28;;;4949;29;;;;;4946.0;508.82812
-1;55000;BANANAS;4943;27;;;;;4949;27;;;;;4946.0;507.92773
-1;55000;PEARLS;9995;27;;;;;9998;5;10005;27;;;9996.5;689.0
-1;55100;PEARLS;10002;9;9996;2;9995;29;10004;2;10005;29;;;10003.0;689.0
-1;55100;BANANAS;4943;31;;;;;4950;31;;;;;4946.5;507.3457
-1;55200;PEARLS;9995;25;;;;;10005;25;;;;;10000.0;707.0
-1;55200;BANANAS;4943;25;;;;;4950;25;;;;;4946.5;506.59766
-1;55300;PEARLS;9996;1;9995;24;;;10002;7;10004;1;10005;24;9999.0;707.0
-1;55300;BANANAS;4944;1;4943;24;;;4948;7;4950;25;;;4946.0;505.25
-1;55400;BANANAS;4944;1;4943;22;;;4950;23;;;;;4947.0;505.89062
-1;55400;PEARLS;9996;1;9995;22;;;10004;1;10005;22;;;10000.0;707.0
-1;55500;PEARLS;9995;26;;;;;10005;26;;;;;10000.0;707.0
-1;55500;BANANAS;4947;2;4943;26;;;4949;26;;;;;4948.0;508.9746
-1;55600;PEARLS;9998;7;9996;1;9995;27;10004;1;10005;27;;;10001.0;707.0
-1;55600;BANANAS;4943;7;4942;28;;;4949;28;;;;;4946.0;513.0156
-1;55700;BANANAS;4943;21;;;;;4948;7;4950;21;;;4945.5;510.24414
-1;55700;PEARLS;9995;21;;;;;10002;7;10005;21;;;9998.5;707.0
-1;55800;BANANAS;4943;23;;;;;4950;23;;;;;4946.5;507.93555
-1;55800;PEARLS;9996;2;9995;21;;;10004;2;10005;21;;;10000.0;707.0
-1;55900;BANANAS;4943;24;;;;;4950;24;;;;;4946.5;509.17188
-1;55900;PEARLS;9995;24;;;;;9998;11;10005;24;;;9996.5;707.0
-1;56000;PEARLS;9996;2;9995;20;;;10004;2;10005;20;;;10000.0;725.0
-1;56000;BANANAS;4943;22;;;;;4950;22;;;;;4946.5;511.23047
-1;56100;BANANAS;4943;30;;;;;4950;30;;;;;4946.5;507.76953
-1;56100;PEARLS;9996;1;9995;29;;;10004;1;10005;29;;;10000.0;725.0
-1;56200;BANANAS;4943;28;;;;;4950;28;;;;;4946.5;507.60938
-1;56200;PEARLS;9996;2;9995;26;;;10004;2;10005;26;;;10000.0;725.0
-1;56300;BANANAS;4943;23;;;;;4948;8;4950;23;;;4945.5;510.71094
-1;56300;PEARLS;9995;23;;;;;10002;8;10005;23;;;9998.5;725.0
-1;56400;PEARLS;9998;6;9995;23;;;10005;23;;;;;10001.5;725.0
-1;56400;BANANAS;4944;6;4943;23;;;4950;23;;;;;4947.0;513.1328
-1;56500;BANANAS;4943;25;;;;;4950;25;;;;;4946.5;512.0703
-1;56500;PEARLS;9995;25;;;;;10005;25;;;;;10000.0;725.0
-1;56600;BANANAS;4943;27;;;;;4949;27;;;;;4946.0;514.2578
-1;56600;PEARLS;9996;1;9995;26;;;10004;1;10005;26;;;10000.0;725.0
-1;56700;BANANAS;4943;24;;;;;4950;25;;;;;4946.5;512.0703
-1;56700;PEARLS;9995;25;;;;;10005;25;;;;;10000.0;733.0
-1;56800;PEARLS;9995;24;;;;;10005;24;;;;;10000.0;733.0
-1;56800;BANANAS;4943;23;;;;;4950;24;;;;;4946.5;513.14453
-1;56900;BANANAS;4944;5;4943;20;;;4950;20;;;;;4947.0;511.82812
-1;56900;PEARLS;9998;5;9995;20;;;10005;20;;;;;10001.5;733.0
-1;57000;BANANAS;4943;25;;;;;4949;25;;;;;4946.0;513.85547
-1;57000;PEARLS;9995;25;;;;;10005;25;;;;;10000.0;733.0
-1;57100;BANANAS;4943;27;;;;;4949;2;4950;25;;;4946.0;525.7539
-1;57100;PEARLS;9996;2;9995;25;;;10004;2;10005;25;;;10000.0;737.0
-1;57200;PEARLS;9995;26;;;;;10005;26;;;;;10000.0;737.0
-1;57200;BANANAS;4943;26;;;;;4946;2;4950;26;;;4944.5;525.2119
-1;57300;BANANAS;4943;25;;;;;4950;25;;;;;4946.5;524.4922
-1;57300;PEARLS;10002;1;9995;25;;;10005;25;;;;;10003.5;737.0
-1;57400;BANANAS;4944;1;4943;26;;;4948;2;4950;28;;;4946.0;523.5781
-1;57400;PEARLS;9996;2;9995;26;;;10002;2;10004;2;10005;26;9999.0;739.0
-1;57500;BANANAS;4944;31;;;;;4949;1;4951;31;;;4946.5;520.9492
-1;57500;PEARLS;9996;1;9995;30;;;10002;1;10004;1;10005;30;9999.0;739.0
-1;57600;PEARLS;9995;29;;;;;9998;1;10005;29;;;9996.5;739.0
-1;57600;BANANAS;4944;29;;;;;4951;29;;;;;4947.5;520.3535
-1;57700;BANANAS;4945;2;4944;28;;;4949;2;4951;30;;;4947.0;520.55664
-1;57700;PEARLS;9996;2;9995;28;;;10002;2;10004;2;10005;28;9999.0;741.0
-1;57800;BANANAS;4945;2;4944;26;;;4951;28;;;;;4948.0;520.2422
-1;57800;PEARLS;9996;2;9995;26;;;10004;2;10005;26;;;10000.0;741.0
-1;57900;BANANAS;4944;32;;;;;4950;2;4951;30;;;4947.0;522.2822
-1;57900;PEARLS;10002;1;9996;2;9995;30;10004;2;10005;30;;;10003.0;741.0
-1;58000;PEARLS;9998;7;9995;23;;;10005;23;;;;;10001.5;743.0
-1;58000;BANANAS;4945;6;4944;23;;;4951;23;;;;;4948.0;522.7246
-1;58100;BANANAS;4943;23;;;;;4950;24;;;;;4946.5;523.5508
-1;58100;PEARLS;9996;1;9995;23;;;10004;1;10005;23;;;10000.0;743.0
-1;58200;BANANAS;4944;26;;;;;4950;2;4951;24;;;4947.0;522.34375
-1;58200;PEARLS;9996;2;9995;24;;;10004;2;10005;24;;;10000.0;743.0
-1;58300;BANANAS;4944;23;;;;;4951;23;;;;;4947.5;522.1074
-1;58300;PEARLS;9996;2;9995;21;;;9998;1;10004;2;10005;21;9997.0;743.0
-1;58400;PEARLS;9995;21;;;;;10000;4;10005;21;;;9997.5;745.0
-1;58400;BANANAS;4944;21;;;;;4951;21;;;;;4947.5;520.4541
-1;58500;BANANAS;4945;30;;;;;4951;30;;;;;4948.0;520.0381
-1;58500;PEARLS;9996;1;9995;29;;;9998;1;10004;1;10005;29;9997.0;745.0
-1;58600;BANANAS;4945;4;4944;27;;;4951;29;;;;;4948.0;520.7578
-1;58600;PEARLS;9998;2;9996;2;9995;27;10004;2;10005;27;;;10001.0;747.0
-1;58700;BANANAS;4945;1;4944;24;;;4951;25;;;;;4948.0;520.5039
-1;58700;PEARLS;9996;1;9995;24;;;10004;1;10005;24;;;10000.0;747.0
-1;58800;BANANAS;4945;5;4944;24;;;4951;24;;;;;4948.0;521.41797
-1;58800;PEARLS;9998;4;9996;2;9995;22;10004;2;10005;22;;;10001.0;747.0
-1;58900;PEARLS;9995;22;;;;;9998;1;10005;22;;;9996.5;747.0
-1;58900;BANANAS;4944;22;;;;;4951;22;;;;;4947.5;520.95703
-1;59000;PEARLS;9995;26;;;;;10005;26;;;;;10000.0;749.0
-1;59000;BANANAS;4945;9;4944;26;;;4951;26;;;;;4948.0;520.31445
-1;59100;BANANAS;4944;30;;;;;4945;12;4951;30;;;4944.5;520.5449
-1;59100;PEARLS;9995;30;;;;;9998;2;10005;30;;;9996.5;749.0
-1;59200;PEARLS;10000;3;9996;2;9995;29;10004;2;10005;29;;;10002.0;753.0
-1;59200;BANANAS;4949;1;4944;31;;;4951;31;;;;;4950.0;552.3789
-1;59300;PEARLS;9996;2;9995;28;;;9998;13;10004;2;10005;28;9997.0;753.0
-1;59300;BANANAS;4944;30;;;;;4950;2;4951;28;;;4947.0;550.5664
-1;59400;PEARLS;9995;28;;;;;10005;28;;;;;10000.0;757.0
-1;59400;BANANAS;4944;28;;;;;4949;3;4951;28;;;4946.5;552.2969
-1;59500;BANANAS;4945;1;4944;29;;;4950;29;;;;;4947.5;548.875
-1;59500;PEARLS;9998;1;9996;2;9995;27;10004;2;10005;27;;;10001.0;757.0
-1;59600;PEARLS;9995;25;;;;;10005;25;;;;;10000.0;757.0
-1;59600;BANANAS;4944;25;;;;;4951;25;;;;;4947.5;552.5508
-1;59700;PEARLS;9998;8;9996;2;9995;26;10004;2;10005;26;;;10001.0;757.0
-1;59700;BANANAS;4945;10;4944;26;;;4951;28;;;;;4948.0;556.16797
-1;59800;PEARLS;9995;20;;;;;10005;20;;;;;10000.0;757.0
-1;59800;BANANAS;4944;20;;;;;4951;20;;;;;4947.5;556.5508
-1;59900;BANANAS;4946;1;4945;24;;;4951;2;4952;22;;;4948.5;558.3906
-1;59900;PEARLS;10002;1;9998;1;9996;2;10004;2;10005;22;;;10003.0;757.0
-1;60000;PEARLS;9998;4;9996;2;9995;29;10004;2;10005;29;;;10001.0;761.0
-1;60000;BANANAS;4946;4;4945;31;;;4952;31;;;;;4949.0;563.125
-1;60100;PEARLS;9995;25;;;;;9998;1;10005;25;;;9996.5;761.0
-1;60100;BANANAS;4945;25;;;;;4952;25;;;;;4948.5;564.4199
-1;60200;PEARLS;10000;3;9996;1;9995;21;10004;1;10005;21;;;10002.0;763.0
-1;60200;BANANAS;4946;1;4945;21;;;4952;22;;;;;4949.0;564.291
-1;60300;PEARLS;9996;2;9995;22;;;10004;2;10005;22;;;10000.0;763.0
-1;60300;BANANAS;4945;24;;;;;4952;24;;;;;4948.5;563.166
-1;60400;BANANAS;4946;1;4945;24;;;4952;25;;;;;4949.0;563.3418
-1;60400;PEARLS;10000;4;9996;1;9995;24;10004;1;10005;24;;;10002.0;763.0
-1;60500;PEARLS;9996;2;9995;20;;;10004;2;10005;20;;;10000.0;763.0
-1;60500;BANANAS;4946;2;4945;20;;;4952;22;;;;;4949.0;563.916
-1;60600;PEARLS;9995;27;;;;;10002;3;10005;27;;;9998.5;765.0
-1;60600;BANANAS;4945;27;;;;;4950;3;4952;27;;;4947.5;565.9219
-1;60700;PEARLS;9996;2;9995;29;;;10002;8;10004;2;10005;29;9999.0;765.0
-1;60700;BANANAS;4946;31;;;;;4951;8;4952;2;4953;29;4948.5;567.5
-1;60800;BANANAS;4945;25;;;;;4952;25;;;;;4948.5;562.4492
-1;60800;PEARLS;9996;1;9995;24;;;10004;1;10005;24;;;10000.0;765.0
-1;60900;PEARLS;9996;2;9995;23;;;10004;2;10005;23;;;10000.0;765.0
-1;60900;BANANAS;4945;2;4944;23;;;4951;25;;;;;4948.0;559.23047
-1;61000;PEARLS;9996;1;9995;30;;;10004;1;10005;30;;;10000.0;765.0
-1;61000;BANANAS;4944;31;;;;;4951;31;;;;;4947.5;556.0625
-1;61100;PEARLS;9996;2;9995;30;;;10004;2;10005;30;;;10000.0;766.0
-1;61100;BANANAS;4944;32;;;;;4945;2;4947;3;4951;32;4944.5;556.8906
-1;61200;BANANAS;4944;30;;;;;4951;30;;;;;4947.5;559.6289
-1;61200;PEARLS;9995;30;;;;;10005;30;;;;;10000.0;766.0
-1;61300;PEARLS;9996;1;9995;30;;;10004;1;10005;30;;;10000.0;766.0
-1;61300;BANANAS;4944;31;;;;;4950;31;;;;;4947.0;557.91406
-1;61400;PEARLS;10002;2;9996;2;9995;26;10004;2;10005;26;;;10003.0;766.0
-1;61400;BANANAS;4944;28;;;;;4951;28;;;;;4947.5;562.21875
-1;61500;PEARLS;10002;6;9995;29;;;10005;29;;;;;10003.5;770.0
-1;61500;BANANAS;4945;29;;;;;4952;29;;;;;4948.5;568.71094
-1;61600;BANANAS;4945;26;;;;;4952;26;;;;;4948.5;568.9961
-1;61600;PEARLS;9996;1;9995;25;;;10004;1;10005;25;;;10000.0;782.0
-1;61700;PEARLS;9996;1;9995;22;;;10004;1;10005;22;;;10000.0;782.0
-1;61700;BANANAS;4950;1;4945;23;;;4951;1;4952;22;;;4950.5;566.6875
-1;61800;PEARLS;9995;29;;;;;10005;29;;;;;10000.0;782.0
-1;61800;BANANAS;4944;29;;;;;4951;29;;;;;4947.5;566.125
-1;61900;PEARLS;9996;2;9995;23;;;9998;1;10004;2;10005;23;9997.0;782.0
-1;61900;BANANAS;4945;2;4944;23;;;4951;25;;;;;4948.0;566.4414
-1;62000;BANANAS;4944;23;;;;;4950;1;4951;22;;;4947.0;561.5781
-1;62000;PEARLS;9996;1;9995;22;;;10004;1;10005;22;;;10000.0;784.0
-1;62100;PEARLS;9996;1;9995;24;;;10004;1;10005;24;;;10000.0;784.0
-1;62100;BANANAS;4944;25;;;;;4950;1;4951;24;;;4947.0;562.53906
-1;62200;PEARLS;9998;9;9995;26;;;10005;26;;;;;10001.5;784.0
-1;62200;BANANAS;4944;8;4943;26;;;4950;26;;;;;4947.0;559.65625
-1;62300;PEARLS;9996;1;9995;21;;;10004;1;10005;21;;;10000.0;784.0
-1;62300;BANANAS;4944;22;;;;;4951;22;;;;;4947.5;564.02734
-1;62400;BANANAS;4944;26;;;;;4951;26;;;;;4947.5;562.29297
-1;62400;PEARLS;9995;26;;;;;10005;26;;;;;10000.0;784.0
-1;62500;PEARLS;9996;2;9995;27;;;10004;2;10005;27;;;10000.0;784.0
-1;62500;BANANAS;4944;29;;;;;4950;2;4951;27;;;4947.0;561.71094
-1;62600;PEARLS;9996;2;9995;29;;;10004;2;10005;29;;;10000.0;784.0
-1;62600;BANANAS;4943;31;;;;;4950;31;;;;;4946.5;558.91406
-1;62700;PEARLS;9995;25;;;;;10002;4;10005;25;;;9998.5;784.0
-1;62700;BANANAS;4944;25;;;;;4949;4;4951;25;;;4946.5;561.4219
-1;62800;BANANAS;4943;28;;;;;4950;28;;;;;4946.5;557.5469
-1;62800;PEARLS;9996;1;9995;27;;;10004;1;10005;27;;;10000.0;784.0
-1;62900;PEARLS;9996;1;9995;21;;;10004;1;10005;21;;;10000.0;800.0
-1;62900;BANANAS;4943;22;;;;;4950;22;;;;;4946.5;557.64453
-1;63000;PEARLS;9996;2;9995;25;;;10004;2;10005;25;;;10000.0;801.0
-1;63000;BANANAS;4943;27;;;;;4950;27;;;;;4946.5;557.21875
-1;63100;BANANAS;4943;20;;;;;4948;1;4950;20;;;4945.5;565.5625
-1;63100;PEARLS;9995;20;;;;;10002;1;10005;20;;;9998.5;801.0
-1;63200;BANANAS;4943;24;;;;;4950;24;;;;;4946.5;565.8203
-1;63200;PEARLS;9995;24;;;;;10005;24;;;;;10000.0;801.0
-1;63300;BANANAS;4943;28;;;;;4950;28;;;;;4946.5;566.0156
-1;63300;PEARLS;9996;2;9995;26;;;10004;2;10005;26;;;10000.0;801.0
-1;63400;PEARLS;9996;1;9995;30;;;10002;9;10004;1;10005;30;9999.0;801.0
-1;63400;BANANAS;4943;31;;;;;4948;9;4950;31;;;4945.5;564.9336
-1;63500;PEARLS;9996;2;9995;30;;;9998;1;10002;3;10004;2;9997.0;801.0
-1;63500;BANANAS;4943;32;;;;;4948;3;4950;32;;;4945.5;564.6328
-1;63600;BANANAS;4943;31;;;;;4948;6;4950;31;;;4945.5;564.5
-1;63600;PEARLS;9996;1;9995;30;;;10002;6;10004;1;10005;30;9999.0;803.0
-1;63700;PEARLS;9998;8;9996;2;9995;22;10004;2;10005;22;;;10001.0;803.0
-1;63700;BANANAS;4944;8;4943;24;;;4949;2;4950;22;;;4946.5;566.2617
-1;63800;PEARLS;9996;2;9995;26;;;10004;2;10005;26;;;10000.0;805.0
-1;63800;BANANAS;4943;1;4942;26;;;4949;28;;;;;4946.0;570.9785
-1;63900;PEARLS;9995;25;;;;;10002;3;10005;25;;;9998.5;805.0
-1;63900;BANANAS;4942;24;;;;;4947;3;4949;25;;;4944.5;573.1992
-1;64000;BANANAS;4942;31;;;;;4948;1;4949;30;;;4945.0;580.3047
-1;64000;PEARLS;9996;1;9995;30;;;10004;1;10005;30;;;10000.0;805.0
-1;64100;PEARLS;9995;29;;;;;10005;29;;;;;10000.0;805.0
-1;64100;BANANAS;4941;29;;;;;4948;29;;;;;4944.5;589.2422
-1;64200;PEARLS;9996;1;9995;23;;;10002;1;10004;1;10005;23;9999.0;805.0
-1;64200;BANANAS;4941;24;;;;;4946;1;4948;24;;;4943.5;590.5547
-1;64300;PEARLS;9995;29;;;;;10005;29;;;;;10000.0;805.0
-1;64300;BANANAS;4941;29;;;;;4948;29;;;;;4944.5;592.875
-1;64400;BANANAS;4940;25;;;;;4947;26;;;;;4943.5;599.6406
-1;64400;PEARLS;9996;1;9995;25;;;10004;1;10005;25;;;10000.0;805.0
-1;64500;PEARLS;9998;1;9996;1;9995;30;10004;1;10005;30;;;10001.0;805.0
-1;64500;BANANAS;4942;1;4941;31;;;4947;1;4948;30;;;4944.5;597.1328
-1;64600;PEARLS;9996;1;9995;23;;;10004;1;10005;23;;;10000.0;805.0
-1;64600;BANANAS;4941;23;;;;;4948;24;;;;;4944.5;592.35156
-1;64700;BANANAS;4941;30;;;;;4946;1;4947;2;4948;28;4943.5;596.64844
-1;64700;PEARLS;9996;2;9995;28;;;10002;1;10004;2;10005;28;9999.0;805.0
-1;64800;BANANAS;4941;2;4940;26;;;4945;4;4947;28;;;4943.0;600.5781
-1;64800;PEARLS;9996;2;9995;26;;;10002;4;10004;2;10005;26;9999.0;805.0
-1;64900;BANANAS;4940;30;;;;;4941;1;4947;30;;;4940.5;604.96875
-1;64900;PEARLS;9995;30;;;;;10005;30;;;;;10000.0;805.0
-1;65000;PEARLS;9995;22;;;;;10002;3;10005;22;;;9998.5;805.0
-1;65000;BANANAS;4941;22;;;;;4946;3;4948;22;;;4943.5;600.5
-1;65100;BANANAS;4942;9;4941;31;;;4947;31;;;;;4944.5;602.2578
-1;65100;PEARLS;9998;9;9996;2;9995;29;10004;2;10005;29;;;10001.0;805.0
-1;65200;BANANAS;4940;25;;;;;4947;25;;;;;4943.5;610.5625
-1;65200;PEARLS;10002;5;9995;25;;;10005;25;;;;;10003.5;805.0
-1;65300;BANANAS;4945;1;4941;3;4940;31;4946;2;4947;29;;;4945.5;615.2344
-1;65300;PEARLS;10002;1;9998;3;9996;2;10004;2;10005;29;;;10003.0;815.0
-1;65400;PEARLS;9996;1;9995;24;;;9998;1;10004;1;10005;24;9997.0;817.0
-1;65400;BANANAS;4940;25;;;;;4947;25;;;;;4943.5;609.3125
-1;65500;BANANAS;4941;2;4940;25;;;4945;6;4947;27;;;4943.0;605.9219
-1;65500;PEARLS;9996;2;9995;25;;;10002;6;10004;2;10005;25;9999.0;819.0
-1;65600;BANANAS;4941;8;4940;28;;;4947;28;;;;;4944.0;605.58594
-1;65600;PEARLS;9998;8;9995;28;;;10005;28;;;;;10001.5;819.0
-1;65700;BANANAS;4940;21;;;;;4947;21;;;;;4943.5;604.0
-1;65700;PEARLS;9995;21;;;;;10005;21;;;;;10000.0;819.0
-1;65800;PEARLS;9995;29;;;;;10005;29;;;;;10000.0;819.0
-1;65800;BANANAS;4940;29;;;;;4947;29;;;;;4943.5;613.39844
-1;65900;BANANAS;4940;27;;;;;4946;1;4947;26;;;4943.0;618.2656
-1;65900;PEARLS;9996;1;9995;26;;;10004;1;10005;26;;;10000.0;819.0
-1;66000;BANANAS;4941;1;4940;20;;;4947;21;;;;;4944.0;607.14844
-1;66000;PEARLS;9996;1;9995;20;;;9998;2;10004;1;10005;20;9997.0;819.0
-1;66100;BANANAS;4940;22;;;;;4947;22;;;;;4943.5;615.8672
-1;66100;PEARLS;9995;22;;;;;10005;22;;;;;10000.0;827.0
-1;66200;PEARLS;9995;28;;;;;10005;28;;;;;10000.0;831.0
-1;66200;BANANAS;4940;28;;;;;4947;28;;;;;4943.5;616.3594
-1;66300;BANANAS;4940;25;;;;;4947;25;;;;;4943.5;611.46875
-1;66300;PEARLS;9995;25;;;;;9998;1;10005;25;;;9996.5;831.0
-1;66400;BANANAS;4940;29;;;;;4945;6;4947;29;;;4942.5;617.03906
-1;66400;PEARLS;9996;1;9995;28;;;10002;6;10004;1;10005;28;9999.0;831.0
-1;66500;BANANAS;4940;24;;;;;4941;1;4947;24;;;4940.5;614.5078
-1;66500;PEARLS;9996;2;9995;22;;;10004;2;10005;22;;;10000.0;831.0
-1;66600;PEARLS;9995;25;;;;;10002;8;10005;25;;;9998.5;831.0
-1;66600;BANANAS;4942;1;4939;25;;;4944;8;4946;25;;;4943.0;636.7207
-1;66700;BANANAS;4942;6;4940;1;4939;30;4946;30;;;;;4944.0;637.6738
-1;66700;PEARLS;9998;1;9995;30;;;10005;30;;;;;10001.5;831.0
-1;66800;BANANAS;4939;24;;;;;4945;2;4946;22;;;4942.0;639.7051
-1;66800;PEARLS;9996;2;9995;22;;;9998;1;10004;2;10005;22;9997.0;831.0
-1;66900;BANANAS;4938;29;;;;;4945;29;;;;;4941.5;641.9121
-1;66900;PEARLS;9996;1;9995;28;;;10004;1;10005;28;;;10000.0;831.0
-1;67000;PEARLS;10002;4;9996;2;9995;30;10004;2;10005;30;;;10003.0;831.0
-1;67000;BANANAS;4938;32;;;;;4939;5;4944;2;4945;30;4938.5;643.71484
-1;67100;BANANAS;4938;21;;;;;4943;4;4944;1;4945;21;4940.5;655.0
-1;67100;PEARLS;9996;1;9995;21;;;10002;4;10004;1;10005;21;9999.0;839.0
-1;67200;BANANAS;4937;30;;;;;4943;30;;;;;4940.0;655.0
-1;67200;PEARLS;9996;2;9995;28;;;10004;2;10005;28;;;10000.0;847.0
-1;67300;BANANAS;4937;26;;;;;4942;3;4944;26;;;4939.5;655.0
-1;67300;PEARLS;9996;1;9995;25;;;10002;3;10004;1;10005;25;9999.0;847.0
-1;67400;PEARLS;9996;1;9995;29;;;9998;5;10004;1;10005;29;9997.0;847.0
-1;67400;BANANAS;4937;1;4936;29;;;4943;30;;;;;4940.0;671.40625
-1;67500;PEARLS;9996;1;9995;28;;;10004;1;10005;28;;;10000.0;847.0
-1;67500;BANANAS;4937;29;;;;;4944;29;;;;;4940.5;682.22656
-1;67600;BANANAS;4937;31;;;;;4944;31;;;;;4940.5;683.875
-1;67600;PEARLS;9996;1;9995;30;;;10004;1;10005;30;;;10000.0;847.0
-1;67700;BANANAS;4938;2;4937;21;;;4944;21;;;;;4941.0;685.2969
-1;67700;PEARLS;10002;1;9998;2;9995;21;10005;21;;;;;10003.5;847.0
-1;67800;BANANAS;4938;23;;;;;4944;2;4945;21;;;4941.0;693.5078
-1;67800;PEARLS;9996;2;9995;21;;;9998;1;10004;2;10005;21;9997.0;849.0
-1;67900;PEARLS;9996;2;9995;20;;;10002;4;10004;2;10005;20;9999.0;851.0
-1;67900;BANANAS;4938;22;;;;;4942;4;4944;22;;;4940.0;690.9297
-1;68000;PEARLS;9995;30;;;;;10005;30;;;;;10000.0;851.0
-1;68000;BANANAS;4938;30;;;;;4945;30;;;;;4941.5;696.9297
-1;68100;BANANAS;4937;26;;;;;4944;26;;;;;4940.5;689.0469
-1;68100;PEARLS;9995;26;;;;;10005;26;;;;;10000.0;851.0
-1;68200;PEARLS;9996;2;9995;24;;;10004;2;10005;24;;;10000.0;851.0
-1;68200;BANANAS;4938;26;;;;;4941;5;4944;2;4945;24;4939.5;694.65625
-1;68300;PEARLS;9996;1;9995;26;;;10004;1;10005;26;;;10000.0;851.0
-1;68300;BANANAS;4937;27;;;;;4944;27;;;;;4940.5;686.9453
-1;68400;PEARLS;9998;6;9995;28;;;10005;28;;;;;10001.5;851.0
-1;68400;BANANAS;4938;6;4937;28;;;4944;28;;;;;4941.0;689.8906
-1;68500;BANANAS;4939;2;4938;24;;;4944;1;4945;23;;;4941.5;696.58594
-1;68500;PEARLS;9998;2;9996;1;9995;23;10004;1;10005;23;;;10001.0;851.0
-1;68600;PEARLS;9996;1;9995;30;;;10002;10;10004;1;10005;30;9999.0;851.0
-1;68600;BANANAS;4938;31;;;;;4943;10;4945;31;;;4940.5;700.2578
-1;68700;PEARLS;10002;1;9998;7;9996;2;10004;2;10005;27;;;10003.0;851.0
-1;68700;BANANAS;4939;7;4938;29;;;4944;2;4945;27;;;4941.5;694.8281
-1;68800;PEARLS;9995;23;;;;;10005;23;;;;;10000.0;853.0
-1;68800;BANANAS;4938;23;;;;;4945;23;;;;;4941.5;711.8096
-1;68900;BANANAS;4941;6;4938;21;;;4944;21;;;;;4942.5;711.0498
-1;68900;PEARLS;9995;21;;;;;10005;21;;;;;10000.0;853.0
-1;69000;BANANAS;4939;3;4938;21;;;4944;1;4945;20;;;4941.5;711.333
-1;69000;PEARLS;9998;3;9996;1;9995;20;10004;1;10005;20;;;10001.0;853.0
-1;69100;PEARLS;9995;21;;;;;10005;21;;;;;10000.0;853.0
-1;69100;BANANAS;4938;21;;;;;4945;21;;;;;4941.5;711.27734
-1;69200;PEARLS;9996;1;9995;26;;;10002;6;10004;1;10005;26;9999.0;853.0
-1;69200;BANANAS;4938;27;;;;;4943;6;4945;27;;;4940.5;711.91895
-1;69300;PEARLS;9996;2;9995;22;;;10004;2;10005;22;;;10000.0;853.0
-1;69300;BANANAS;4939;2;4938;22;;;4945;24;;;;;4942.0;712.7422
-1;69400;BANANAS;4939;1;4938;27;;;4945;28;;;;;4942.0;712.6865
-1;69400;PEARLS;10002;4;9996;1;9995;27;10004;1;10005;27;;;10003.0;853.0
-1;69500;PEARLS;10002;2;9998;3;9995;27;10005;27;;;;;10003.5;861.0
-1;69500;BANANAS;4939;3;4938;27;;;4945;27;;;;;4942.0;711.9834
-1;69600;PEARLS;9996;1;9995;24;;;10002;4;10004;1;10005;24;9999.0;865.0
-1;69600;BANANAS;4938;25;;;;;4943;4;4944;1;4945;24;4940.5;711.3096
-1;69700;PEARLS;9996;2;9995;27;;;10004;2;10005;27;;;10000.0;866.0
-1;69700;BANANAS;4938;2;4937;27;;;4944;29;;;;;4941.0;711.9551
-1;69800;BANANAS;4938;1;4937;26;;;4944;28;;;;;4941.0;711.7827
-1;69800;PEARLS;9996;2;9995;26;;;10004;2;10005;26;;;10000.0;866.0
-1;69900;PEARLS;9995;26;;;;;10005;26;;;;;10000.0;866.0
-1;69900;BANANAS;4937;26;;;;;4944;26;;;;;4940.5;711.65576
-1;70000;PEARLS;9998;10;9996;1;9995;28;10004;1;10005;28;;;10001.0;866.0
-1;70000;BANANAS;4938;10;4937;29;;;4944;29;;;;;4941.0;711.56885
-1;70100;PEARLS;9995;27;;;;;10002;6;10005;27;;;9998.5;866.0
-1;70100;BANANAS;4937;27;;;;;4942;6;4944;27;;;4939.5;711.2617
-1;70200;BANANAS;4937;1;4936;25;;;4943;26;;;;;4940.0;710.8589
-1;70200;PEARLS;9996;1;9995;25;;;10000;3;10004;1;10005;25;9998.0;866.0
-1;70300;PEARLS;9995;25;;;;;10005;25;;;;;10000.0;866.0
-1;70300;BANANAS;4936;25;;;;;4942;25;;;;;4939.0;710.0254
-1;70400;PEARLS;9996;2;9995;29;;;10002;4;10004;2;10005;29;9999.0;866.0
-1;70400;BANANAS;4936;2;4935;29;;;4940;9;4942;31;;;4938.0;709.78906
-1;70500;PEARLS;9995;24;;;;;10005;24;;;;;10000.0;866.0
-1;70500;BANANAS;4936;24;;;;;4943;24;;;;;4939.5;710.312
-1;70600;BANANAS;4941;1;4936;2;4935;27;4942;29;;;;;4941.5;709.7837
-1;70600;PEARLS;9996;2;9995;27;;;10004;2;10005;27;;;10000.0;866.0
-1;70700;PEARLS;9995;24;;;;;10002;2;10005;24;;;9998.5;876.0
-1;70700;BANANAS;4935;24;;;;;4940;2;4942;24;;;4937.5;712.0
-1;70800;PEARLS;9996;2;9995;30;;;9998;1;10004;2;10005;30;9997.0;878.0
-1;70800;BANANAS;4935;31;;;;;4942;32;;;;;4938.5;713.27246
-1;70900;PEARLS;9995;29;;;;;10005;29;;;;;10000.0;880.0
-1;70900;BANANAS;4934;29;;;;;4941;29;;;;;4937.5;714.5078
-1;71000;BANANAS;4940;1;4935;2;4934;29;4941;31;;;;;4940.5;714.83594
-1;71000;PEARLS;9996;2;9995;29;;;10004;2;10005;29;;;10000.0;893.0
-1;71100;PEARLS;9996;2;9995;20;;;10004;2;10005;20;;;10000.0;893.0
-1;71100;BANANAS;4934;22;;;;;4935;7;4941;22;;;4934.5;717.541
-1;71200;PEARLS;9996;2;9995;24;;;10004;2;10005;24;;;10000.0;893.0
-1;71200;BANANAS;4935;2;4934;24;;;4941;26;;;;;4938.0;736.3086
-1;71300;PEARLS;9995;20;;;;;10005;20;;;;;10000.0;893.0
-1;71300;BANANAS;4935;20;;;;;4942;20;;;;;4938.5;738.1924
-1;71400;BANANAS;4934;30;;;;;4941;30;;;;;4937.5;736.5957
-1;71400;PEARLS;9998;1;9995;30;;;10005;30;;;;;10001.5;893.0
-1;71500;PEARLS;9996;1;9995;30;;;10004;1;10005;30;;;10000.0;893.0
-1;71500;BANANAS;4936;31;;;;;4942;1;4943;30;;;4939.0;740.5371
-1;71600;PEARLS;9995;22;;;;;10005;22;;;;;10000.0;893.0
-1;71600;BANANAS;4936;22;;;;;4943;22;;;;;4939.5;741.2627
-1;71700;PEARLS;9995;28;;;;;10005;28;;;;;10000.0;893.0
-1;71700;BANANAS;4936;28;;;;;4943;28;;;;;4939.5;741.6992
-1;71800;BANANAS;4937;2;4936;20;;;4943;22;;;;;4940.0;742.5752
-1;71800;PEARLS;9996;2;9995;20;;;10004;2;10005;20;;;10000.0;893.0
-1;71900;PEARLS;9996;2;9995;20;;;10004;2;10005;20;;;10000.0;893.0
-1;71900;BANANAS;4937;2;4936;20;;;4939;5;4943;22;;;4938.0;742.8037
-1;72000;PEARLS;9995;29;;;;;10002;8;10005;29;;;9998.5;893.0
-1;72000;BANANAS;4937;29;;;;;4942;8;4944;29;;;4939.5;744.2051
-1;72100;BANANAS;4937;28;;;;;4938;3;4942;1;4943;28;4937.5;743.08984
-1;72100;PEARLS;9996;2;9995;26;;;10002;1;10004;2;10005;26;9999.0;893.0
-1;72200;BANANAS;4936;21;;;;;4943;21;;;;;4939.5;745.56055
-1;72200;PEARLS;9996;1;9995;20;;;10004;1;10005;20;;;10000.0;893.0
-1;72300;BANANAS;4936;30;;;;;4942;30;;;;;4939.0;752.4297
-1;72300;PEARLS;9996;1;9995;29;;;10004;1;10005;29;;;10000.0;893.0
-1;72400;PEARLS;9995;24;;;;;10005;24;;;;;10000.0;893.0
-1;72400;BANANAS;4935;24;;;;;4942;24;;;;;4938.5;751.84375
-1;72500;PEARLS;9996;2;9995;28;;;10004;2;10005;28;;;10000.0;893.0
-1;72500;BANANAS;4936;30;;;;;4942;30;;;;;4939.0;752.5
-1;72600;BANANAS;4938;4;4936;2;4935;22;4942;24;;;;;4940.0;750.40625
-1;72600;PEARLS;9996;2;9995;22;;;10004;2;10005;22;;;10000.0;894.0
-1;72700;PEARLS;9995;29;;;;;10005;29;;;;;10000.0;894.0
-1;72700;BANANAS;4936;29;;;;;4943;29;;;;;4939.5;758.15625
-1;72800;PEARLS;9995;30;;;;;10005;30;;;;;10000.0;894.0
-1;72800;BANANAS;4936;30;;;;;4943;30;;;;;4939.5;762.6172
-1;72900;PEARLS;9996;1;9995;23;;;10004;1;10005;23;;;10000.0;894.0
-1;72900;BANANAS;4937;1;4936;23;;;4943;24;;;;;4940.0;766.39844
-1;73000;BANANAS;4937;26;;;;;4943;2;4944;24;;;4940.0;770.21094
-1;73000;PEARLS;9996;2;9995;24;;;10004;2;10005;24;;;10000.0;894.0
-1;73100;PEARLS;9996;2;9995;24;;;10002;5;10004;2;10005;24;9999.0;894.0
-1;73100;BANANAS;4937;26;;;;;4942;5;4943;2;4944;24;4939.5;772.22656
-1;73200;PEARLS;9996;1;9995;30;;;10004;1;10005;30;;;10000.0;894.0
-1;73200;BANANAS;4938;1;4937;30;;;4944;31;;;;;4941.0;783.09375
-1;73300;PEARLS;9996;2;9995;22;;;10004;2;10005;22;;;10000.0;894.0
-1;73300;BANANAS;4941;2;4937;24;;;4944;24;;;;;4942.5;776.6094
-1;73400;BANANAS;4938;30;;;;;4943;6;4944;1;4945;29;4940.5;784.85156
-1;73400;PEARLS;9996;1;9995;29;;;9998;1;10002;6;10004;1;9997.0;894.0
-1;73500;BANANAS;4938;21;;;;;4945;21;;;;;4941.5;790.27344
-1;73500;PEARLS;9995;21;;;;;9998;1;10005;21;;;9996.5;896.0
-1;73600;PEARLS;10002;1;9995;21;;;10005;21;;;;;10003.5;898.0
-1;73600;BANANAS;4937;21;;;;;4944;21;;;;;4940.5;780.90234
-1;73700;BANANAS;4943;1;4937;20;;;4944;20;;;;;4943.5;779.33594
-1;73700;PEARLS;9995;20;;;;;9998;10;10005;20;;;9996.5;900.0
-1;73800;BANANAS;4938;6;4937;27;;;4944;27;;;;;4941.0;781.83594
-1;73800;PEARLS;10002;1;9998;6;9995;27;10005;27;;;;;10003.5;920.0
-1;73900;BANANAS;4939;3;4938;24;;;4944;2;4945;22;;;4941.5;787.90625
-1;73900;PEARLS;9998;3;9996;2;9995;22;10004;2;10005;22;;;10001.0;922.0
-1;74000;PEARLS;9995;21;;;;;10005;21;;;;;10000.0;922.0
-1;74000;BANANAS;4938;21;;;;;4941;3;4945;21;;;4939.5;788.1953
-1;74100;BANANAS;4939;2;4938;26;;;4944;2;4945;24;;;4941.5;788.5078
-1;74100;PEARLS;9998;2;9996;2;9995;24;10004;2;10005;24;;;10001.0;922.0
-1;74200;BANANAS;4938;29;;;;;4945;29;;;;;4941.5;786.46875
-1;74200;PEARLS;9995;29;;;;;10005;29;;;;;10000.0;922.0
-1;74300;BANANAS;4938;13;;;;;4944;24;;;;;4941.0;785.70703
-1;74300;PEARLS;9995;24;;;;;10005;24;;;;;10000.0;922.0
-1;74400;PEARLS;9995;21;;;;;10005;21;;;;;10000.0;922.0
-1;74400;BANANAS;4938;21;;;;;4939;1;4945;21;;;4938.5;791.73047
-1;74500;BANANAS;4941;1;4938;27;;;4945;27;;;;;4943.0;792.45703
-1;74500;PEARLS;9995;27;;;;;10005;27;;;;;10000.0;922.0
-1;74600;BANANAS;4938;28;;;;;4944;29;;;;;4941.0;787.72656
-1;74600;PEARLS;9996;2;9995;27;;;10004;2;10005;27;;;10000.0;922.0
-1;74700;BANANAS;4938;2;4937;20;;;4944;22;;;;;4941.0;786.1094
-1;74700;PEARLS;9996;2;9995;20;;;9998;1;10004;2;10005;20;9997.0;927.0
-1;74800;PEARLS;9996;2;9995;22;;;9998;2;10004;2;10005;22;9997.0;929.0
-1;74800;BANANAS;4938;2;4937;22;;;4944;24;;;;;4941.0;784.9297
-1;74900;BANANAS;4937;22;;;;;4942;3;4943;1;4944;21;4939.5;776.58594
-1;74900;PEARLS;9996;1;9995;21;;;9998;1;10002;3;10004;1;9997.0;933.0
-1;75000;BANANAS;4937;2;4936;23;;;4943;25;;;;;4940.0;772.8789
-1;75000;PEARLS;9996;2;9995;23;;;10004;2;10005;23;;;10000.0;935.0
-1;75100;BANANAS;4937;7;4936;21;;;4943;23;;;;;4940.0;773.01953
-1;75100;PEARLS;10002;1;10000;4;9998;5;10004;2;10005;21;;;10003.0;935.0
-1;75200;PEARLS;9996;1;9995;28;;;10004;1;10005;28;;;10000.0;937.0
-1;75200;BANANAS;4941;13;4937;29;;;4943;29;;;;;4942.0;774.72656
-1;75300;BANANAS;4936;27;;;;;4937;1;4943;27;;;4936.5;801.4961
-1;75300;PEARLS;9995;27;;;;;10005;27;;;;;10000.0;937.0
-1;75400;BANANAS;4941;5;4937;28;;;4943;2;4944;26;;;4942.0;807.1211
-1;75400;PEARLS;9996;2;9995;26;;;10004;2;10005;26;;;10000.0;937.0
-1;75500;BANANAS;4937;1;4936;23;;;4943;24;;;;;4940.0;820.2578
-1;75500;PEARLS;9996;1;9995;23;;;10004;1;10005;23;;;10000.0;937.0
-1;75600;PEARLS;9995;30;;;;;10002;9;10005;30;;;9998.5;937.0
-1;75600;BANANAS;4937;30;;;;;4941;9;4943;30;;;4939.0;821.5703
-1;75700;BANANAS;4937;20;;;;;4941;1;4943;20;;;4939.0;822.2656
-1;75700;PEARLS;9995;20;;;;;10002;1;10005;20;;;9998.5;937.0
-1;75800;BANANAS;4936;31;;;;;4942;2;4943;29;;;4939.0;808.03125
-1;75800;PEARLS;9996;2;9995;29;;;10004;2;10005;29;;;10000.0;937.0
-1;75900;BANANAS;4936;21;;;;;4939;1;4943;21;;;4937.5;813.46875
-1;75900;PEARLS;9996;1;9995;20;;;10004;1;10005;20;;;10000.0;938.0
-1;76000;PEARLS;10000;4;9995;21;;;10002;9;10005;21;;;10001.0;938.0
-1;76000;BANANAS;4936;21;;;;;4941;9;4943;21;;;4938.5;814.9844
-1;76100;BANANAS;4936;26;;;;;4943;26;;;;;4939.5;825.3203
-1;76100;PEARLS;9996;1;9995;25;;;10004;1;10005;25;;;10000.0;938.0
-1;76200;BANANAS;4936;20;;;;;4943;20;;;;;4939.5;830.375
-1;76200;PEARLS;9995;20;;;;;10005;20;;;;;10000.0;938.0
-1;76300;BANANAS;4936;21;;;;;4943;22;;;;;4939.5;820.1719
-1;76300;PEARLS;9996;1;9995;21;;;9998;12;10004;1;10005;21;9997.0;938.0
-1;76400;BANANAS;4935;28;;;;;4942;28;;;;;4938.5;807.25
-1;76400;PEARLS;9996;2;9995;26;;;10004;2;10005;26;;;10000.0;960.0
-1;76500;PEARLS;9996;1;9995;20;;;10004;1;10005;20;;;10000.0;960.0
-1;76500;BANANAS;4935;21;;;;;4941;1;4942;20;;;4938.0;795.0547
-1;76600;BANANAS;4940;1;4934;30;;;4941;30;;;;;4940.5;788.1875
-1;76600;PEARLS;9995;30;;;;;10005;30;;;;;10000.0;960.0
-1;76700;BANANAS;4936;1;4935;26;;;4941;1;4942;25;;;4938.5;799.0
-1;76700;PEARLS;9998;1;9996;1;9995;25;10004;1;10005;25;;;10001.0;960.0
-1;76800;PEARLS;9996;2;9995;25;;;10004;2;10005;25;;;10000.0;960.0
-1;76800;BANANAS;4935;26;;;;;4942;27;;;;;4938.5;804.16406
-1;76900;PEARLS;9996;2;9995;21;;;10004;2;10005;21;;;10000.0;960.0
-1;76900;BANANAS;4935;23;;;;;4942;23;;;;;4938.5;803.66406
-1;77000;PEARLS;9996;2;9995;30;;;10004;2;10005;30;;;10000.0;960.0
-1;77000;BANANAS;4935;32;;;;;4941;2;4942;30;;;4938.0;799.0781
-1;77100;BANANAS;4935;29;;;;;4942;30;;;;;4938.5;804.09375
-1;77100;PEARLS;9996;1;9995;29;;;10004;1;10005;29;;;10000.0;960.0
-1;77200;PEARLS;9996;1;9995;29;;;10004;1;10005;29;;;10000.0;960.0
-1;77200;BANANAS;4935;1;4934;29;;;4941;30;;;;;4938.0;791.5
-1;77300;PEARLS;9996;1;9995;23;;;10004;1;10005;23;;;10000.0;960.0
-1;77300;BANANAS;4935;24;;;;;4941;1;4942;23;;;4938.0;799.5
-1;77400;PEARLS;9996;1;9995;21;;;10004;1;10005;21;;;10000.0;960.0
-1;77400;BANANAS;4935;1;4934;21;;;4941;22;;;;;4938.0;795.16406
-1;77500;BANANAS;4935;28;;;;;4941;2;4942;26;;;4938.0;798.4297
-1;77500;PEARLS;9996;2;9995;26;;;9998;3;10004;2;10005;26;9997.0;960.0
-1;77600;PEARLS;9996;1;9995;30;;;10004;1;10005;30;;;10000.0;960.0
-1;77600;BANANAS;4935;31;;;;;4941;1;4942;30;;;4938.0;797.28125
-1;77700;PEARLS;9998;4;9995;28;;;10005;28;;;;;10001.5;960.0
-1;77700;BANANAS;4935;5;4934;28;;;4941;28;;;;;4938.0;788.39844
-1;77800;PEARLS;9995;29;;;;;10005;29;;;;;10000.0;960.0
-1;77800;BANANAS;4934;29;;;;;4941;29;;;;;4937.5;792.6172
-1;77900;PEARLS;9996;2;9995;24;;;9998;1;10004;2;10005;24;9997.0;960.0
-1;77900;BANANAS;4935;26;;;;;4942;26;;;;;4938.5;808.52344
-1;78000;BANANAS;4936;1;4935;28;;;4942;28;;;;;4939.0;809.3906
-1;78000;PEARLS;9998;2;9996;1;9995;27;10004;1;10005;27;;;10001.0;960.0
-1;78100;PEARLS;10002;1;9998;4;9996;1;10004;1;10005;30;;;10003.0;960.0
-1;78100;BANANAS;4936;4;4935;31;;;4942;31;;;;;4939.0;808.0078
-1;78200;PEARLS;9998;8;9996;1;9995;27;10004;1;10005;27;;;10001.0;962.0
-1;78200;BANANAS;4936;8;4935;28;;;4942;28;;;;;4939.0;801.7422
-1;78300;PEARLS;9998;3;9995;28;;;10005;28;;;;;10001.5;962.0
-1;78300;BANANAS;4936;3;4935;28;;;4942;28;;;;;4939.0;800.60156
-1;78400;BANANAS;4935;28;;;;;4942;28;;;;;4938.5;807.66406
-1;78400;PEARLS;9996;2;9995;26;;;10004;2;10005;26;;;10000.0;962.0
-1;78500;PEARLS;9995;21;;;;;10005;21;;;;;10000.0;969.0
-1;78500;BANANAS;4934;21;;;;;4941;21;;;;;4937.5;794.6172
-1;78600;PEARLS;9996;2;9995;30;;;10004;2;10005;30;;;10000.0;969.0
-1;78600;BANANAS;4935;32;;;;;4941;2;4942;30;;;4938.0;797.3203
-1;78700;PEARLS;9995;21;;;;;10005;21;;;;;10000.0;985.0
-1;78700;BANANAS;4934;21;;;;;4941;21;;;;;4937.5;787.78906
-1;78800;BANANAS;4940;1;4937;2;4935;2;4941;29;;;;;4940.5;792.0
-1;78800;PEARLS;10002;8;9996;2;9995;27;10004;2;10005;27;;;10003.0;985.0
-1;78900;PEARLS;9996;1;9995;29;;;10004;1;10005;29;;;10000.0;1001.0
-1;78900;BANANAS;4935;30;;;;;4941;1;4942;29;;;4938.0;802.21875
-1;79000;PEARLS;9996;1;9995;23;;;10004;1;10005;23;;;10000.0;1001.0
-1;79000;BANANAS;4935;24;;;;;4941;1;4942;23;;;4938.0;799.71875
-1;79100;PEARLS;9995;24;;;;;10005;24;;;;;10000.0;1001.0
-1;79100;BANANAS;4934;24;;;;;4935;1;4941;24;;;4934.5;789.4922
-1;79200;BANANAS;4934;26;;;;;4935;3;4941;26;;;4934.5;788.8281
-1;79200;PEARLS;9996;1;9995;25;;;10004;1;10005;25;;;10000.0;1001.0
