day;timestamp;product;bid_price_1;bid_volume_1;bid_price_2;bid_volume_2;bid_price_3;bid_volume_3;ask_price_1;ask_volume_1;ask_price_2;ask_volume_2;ask_price_3;ask_volume_3;mid_price;profit_and_loss
-1;0;PEARLS;9998;1;9995;30;;;10005;30;;;;;10001.5;0.0
-1;0;BANANAS;4946;1;4945;30;;;4952;30;;;;;4949.0;0.0
-1;100;PEARLS;9996;1;9995;30;;;10002;6;10004;1;10005;30;9999.0;0.0
-1;100;BANANAS;4945;31;;;;;4950;7;4952;31;;;4947.5;0.0
-1;200;BANANAS;4945;22;;;;;4951;1;4952;21;;;4948.0;0.0
-1;200;PEARLS;9996;1;9995;21;;;10004;1;10005;21;;;10000.0;0.0
-1;300;PEARLS;9996;2;9995;23;;;9998;3;10004;2;10005;23;9997.0;0.0
-1;300;BANANAS;4945;25;;;;;4952;25;;;;;4948.5;0.0
-1;400;PEARLS;9998;5;9996;2;9995;23;10004;2;10005;23;;;10001.0;6.0
-1;400;BANANAS;4946;5;4945;25;;;4952;25;;;;;4949.0;0.0
-1;500;PEARLS;10002;1;9996;2;9995;22;10004;2;10005;22;;;10003.0;6.0
-1;500;BANANAS;4945;24;;;;;4952;24;;;;;4948.5;6.0039062
-1;600;BANANAS;4946;2;4945;24;;;4950;9;4952;26;;;4948.0;2.7734375
-1;600;PEARLS;9996;2;9995;24;;;10002;9;10004;2;10005;24;9999.0;9.0
-1;700;PEARLS;9998;7;9995;27;;;10005;27;;;;;10001.5;9.0
-1;700;BANANAS;4946;7;4945;27;;;4952;27;;;;;4949.0;4.765625
-1;800;PEARLS;9995;26;;;;;10005;26;;;;;10000.0;9.0
-1;800;BANANAS;4944;26;;;;;4951;26;;;;;4947.5;16.953125
-1;900;BANANAS;4944;2;4943;27;;;4950;29;;;;;4947.0;22.300781
-1;900;PEARLS;9996;2;9995;27;;;10004;2;10005;27;;;10000.0;9.0
-1;1000;BANANAS;4944;28;;;;;4950;2;4951;26;;;4947.0;19.667969
-1;1000;PEARLS;9996;2;9995;26;;;10004;2;10005;26;;;10000.0;9.0
-1;1100;BANANAS;4944;25;;;;;4950;2;4951;23;;;4947.0;18.992188
-1;1100;PEARLS;9996;2;9995;23;;;10004;2;10005;23;;;10000.0;9.0
-1;1200;PEARLS;9998;9;9996;2;9995;28;10004;2;10005;28;;;10001.0;9.0
-1;1200;BANANAS;4945;9;4944;30;;;4951;30;;;;;4948.0;15.4375
-1;1300;PEARLS;9996;1;9995;27;;;10004;1;10005;27;;;10000.0;9.0
-1;1300;BANANAS;4944;28;;;;;4946;4;4951;28;;;4945.0;13.363281
-1;1400;BANANAS;4945;25;;;;;4951;2;4952;24;;;4948.0;16.742188
-1;1400;PEARLS;9996;2;9995;24;;;10004;2;10005;24;;;10000.0;9.0
-1;1500;PEARLS;10002;1;9996;2;9995;20;10004;2;10005;20;;;10003.0;9.0
-1;1500;BANANAS;4950;1;4945;2;4944;20;4951;22;;;;;4950.5;19.15625
-1;1600;PEARLS;9996;1;9995;22;;;10004;1;10005;22;;;10000.0;11.0
-1;1600;BANANAS;4945;23;;;;;4951;1;4952;22;;;4948.0;18.976562
-1;1700;PEARLS;9995;27;;;;;10005;27;;;;;10000.0;11.0
-1;1700;BANANAS;4945;27;;;;;4948;2;4952;27;;;4946.5;13.402344
-1;1800;BANANAS;4946;2;4945;25;;;4952;27;;;;;4949.0;14.519531
-1;1800;PEARLS;9996;2;9995;25;;;10004;2;10005;25;;;10000.0;17.0
-1;1900;PEARLS;9996;2;9995;29;;;10004;2;10005;29;;;10000.0;17.0
-1;1900;BANANAS;4945;31;;;;;4952;31;;;;;4948.5;18.023438
-1;2000;PEARLS;9996;1;9995;25;;;10002;7;10004;1;10005;25;9999.0;17.0
-1;2000;BANANAS;4945;26;;;;;4950;7;4951;1;4952;25;4947.5;18.289062
-1;2100;PEARLS;9995;23;;;;;10005;23;;;;;10000.0;17.0
-1;2100;BANANAS;4945;23;;;;;4952;23;;;;;4948.5;16.996094
-1;2200;BANANAS;4945;32;;;;;4952;32;;;;;4948.5;15.105469
-1;2200;PEARLS;9996;2;9995;30;;;10004;2;10005;30;;;10000.0;17.0
-1;2300;PEARLS;9996;2;9995;22;;;10004;2;10005;22;;;10000.0;17.0
-1;2300;BANANAS;4946;2;4945;22;;;4952;24;;;;;4949.0;14.5703125
-1;2400;PEARLS;9998;4;9996;2;9995;23;10004;2;10005;23;;;10001.0;17.0
-1;2400;BANANAS;4951;3;4948;4;4947;25;4953;2;4954;23;;;4952.0;-9.765625
-1;2500;BANANAS;4947;1;4946;20;;;4948;5;4953;21;;;4947.5;-3.03125
-1;2500;PEARLS;9996;1;9995;20;;;10004;1;10005;20;;;10000.0;17.0
-1;2600;BANANAS;4946;25;;;;;4953;25;;;;;4949.5;10.390625
-1;2600;PEARLS;9995;25;;;;;10005;25;;;;;10000.0;17.0
-1;2700;BANANAS;4947;10;4946;24;;;4953;25;;;;;4950.0;6.1171875
-1;2700;PEARLS;9998;4;9996;1;9995;24;10004;1;10005;24;;;10001.0;17.0
-1;2800;PEARLS;9998;5;9995;29;;;10005;29;;;;;10001.5;17.0
-1;2800;BANANAS;4952;1;4947;5;4946;29;4953;29;;;;;4952.5;9.3359375
-1;2900;BANANAS;4946;25;;;;;4953;25;;;;;4949.5;14.6171875
-1;2900;PEARLS;10002;10;9996;2;9995;23;10004;2;10005;23;;;10003.0;17.0
-1;3000;BANANAS;4946;31;;;;;4953;31;;;;;4949.5;13.921875
-1;3000;PEARLS;9996;2;9995;29;;;10004;2;10005;29;;;10000.0;37.0
-1;3100;BANANAS;4947;27;;;;;4953;2;4954;26;;;4950.0;3.703125
-1;3100;PEARLS;9996;2;9995;26;;;10004;2;10005;26;;;10000.0;37.0
-1;3200;PEARLS;9996;2;9995;30;;;10002;6;10004;2;10005;30;9999.0;37.0
-1;3200;BANANAS;4947;2;4946;30;;;4951;6;4953;32;;;4949.0;7.5703125
-1;3300;BANANAS;4946;28;;;;;4953;28;;;;;4949.5;16.390625
-1;3300;PEARLS;9996;2;9995;26;;;10004;2;10005;26;;;10000.0;37.0
-1;3400;BANANAS;4946;29;;;;;4953;29;;;;;4949.5;14.0078125
-1;3400;PEARLS;9996;2;9995;27;;;10004;2;10005;27;;;10000.0;48.0
-1;3500;BANANAS;4946;30;;;;;4951;9;4953;30;;;4948.5;11.0234375
-1;3500;PEARLS;9996;2;9995;28;;;10002;9;10004;2;10005;28;9999.0;48.0
-1;3600;PEARLS;9995;21;;;;;9998;1;10005;21;;;9996.5;48.0
-1;3600;BANANAS;4947;21;;;;;4954;21;;;;;4950.5;1.203125
-1;3700;BANANAS;4947;31;;;;;4952;6;4953;2;4954;29;4949.5;1.2734375
-1;3700;PEARLS;9996;2;9995;29;;;10000;5;10002;7;10004;2;9998.0;50.0
-1;3800;BANANAS;4947;30;;;;;4953;1;4954;29;;;4950.0;1.8984375
-1;3800;PEARLS;10002;1;9996;1;9995;29;10004;1;10005;29;;;10003.0;50.0
-1;3900;BANANAS;4948;1;4947;25;;;4954;25;;;;;4951.0;3.796875
-1;3900;PEARLS;9998;1;9995;25;;;10005;25;;;;;10001.5;52.0
-1;4000;PEARLS;10002;9;9996;2;9995;27;10004;2;10005;27;;;10003.0;52.0
-1;4000;BANANAS;4947;29;;;;;4953;2;4954;27;;;4950.0;4.21875
-1;4100;BANANAS;4946;24;;;;;4953;24;;;;;4949.5;9.8671875
-1;4100;PEARLS;9996;1;9995;23;;;10004;1;10005;23;;;10000.0;70.0
-1;4200;BANANAS;4946;28;;;;;4947;12;4953;28;;;4946.5;10.109375
-1;4200;PEARLS;9996;2;9995;26;;;10004;2;10005;26;;;10000.0;70.0
-1;4300;BANANAS;4946;31;;;;;4952;2;4953;29;;;4949.0;44.25
-1;4300;PEARLS;9996;2;9995;29;;;10004;2;10005;29;;;10000.0;70.0
-1;4400;PEARLS;9996;1;9995;26;;;9998;1;10004;1;10005;26;9997.0;74.0
-1;4400;BANANAS;4946;26;;;;;4953;27;;;;;4949.5;44.71289
-1;4500;BANANAS;4946;27;;;;;4953;27;;;;;4949.5;44.810547
-1;4500;PEARLS;9995;27;;;;;10005;27;;;;;10000.0;76.0
-1;4600;BANANAS;4946;22;;;;;4953;22;;;;;4949.5;44.456055
-1;4600;PEARLS;9996;1;9995;21;;;10004;1;10005;21;;;10000.0;76.0
-1;4700;BANANAS;4946;27;;;;;4947;8;4952;1;4953;26;4946.5;45.246094
-1;4700;PEARLS;9998;4;9996;1;9995;26;10004;1;10005;26;;;10001.0;76.0
-1;4800;PEARLS;10002;3;9996;1;9995;24;10004;1;10005;24;;;10003.0;76.0
-1;4800;BANANAS;4951;1;4946;25;;;4952;1;4953;24;;;4951.5;63.21289
-1;4900;BANANAS;4946;22;;;;;4952;22;;;;;4949.0;64.05859
-1;4900;PEARLS;9995;22;;;;;9998;4;10005;22;;;9996.5;82.0
-1;5000;BANANAS;4947;4;4946;22;;;4953;23;;;;;4950.0;66.916016
-1;5000;PEARLS;9998;3;9996;1;9995;22;10004;1;10005;22;;;10001.0;90.0
-1;5100;BANANAS;4947;9;4946;25;;;4948;2;4953;25;;;4947.5;67.796875
-1;5100;PEARLS;10002;1;9998;9;9995;25;10005;25;;;;;10003.5;90.0
-1;5200;PEARLS;9996;2;9995;22;;;10004;2;10005;22;;;10000.0;92.0
-1;5200;BANANAS;4947;2;4946;22;;;4953;24;;;;;4950.0;71.11328
-1;5300;PEARLS;9995;25;;;;;10005;25;;;;;10000.0;92.0
-1;5300;BANANAS;4947;25;;;;;4954;25;;;;;4950.5;72.37109
-1;5400;BANANAS;4947;27;;;;;4952;8;4954;27;;;4949.5;73.95117
-1;5400;PEARLS;9995;27;;;;;10000;6;10002;8;10005;27;9997.5;92.0
-1;5500;BANANAS;4947;30;;;;;4954;30;;;;;4950.5;74.28125
-1;5500;PEARLS;9996;1;9995;29;;;10004;1;10005;29;;;10000.0;92.0
-1;5600;BANANAS;4947;9;4946;26;;;4953;27;;;;;4950.0;71.33594
-1;5600;PEARLS;10002;1;9998;8;9996;1;10004;1;10005;26;;;10003.0;92.0
-1;5700;PEARLS;9998;4;9996;2;9995;23;10004;2;10005;23;;;10001.0;94.0
-1;5700;BANANAS;4950;2;4948;4;4947;25;4954;25;;;;;4952.0;75.69141
-1;5800;PEARLS;10002;1;9998;10;9995;24;10005;24;;;;;10003.5;94.0
-1;5800;BANANAS;4953;1;4948;10;4947;24;4954;24;;;;;4953.5;75.5625
-1;5900;BANANAS;4947;21;;;;;4954;21;;;;;4950.5;77.18359
-1;5900;PEARLS;10000;5;9996;1;9995;20;10004;1;10005;20;;;10002.0;96.0
-1;6000;PEARLS;9996;2;9995;22;;;9998;4;10004;2;10005;22;9997.0;96.0
-1;6000;BANANAS;4947;24;;;;;4953;2;4954;22;;;4950.0;76.30859
-1;6100;PEARLS;9996;1;9995;24;;;10000;5;10002;2;10004;1;9998.0;104.0
-1;6100;BANANAS;4947;25;;;;;4952;2;4954;25;;;4949.5;77.86914
-1;6200;PEARLS;9996;1;9995;29;;;10004;1;10005;29;;;10000.0;104.0
-1;6200;BANANAS;4947;30;;;;;4948;13;4954;30;;;4947.5;77.20508
-1;6300;BANANAS;4947;25;;;;;4948;1;4954;25;;;4947.5;112.80469
-1;6300;PEARLS;9995;25;;;;;10005;25;;;;;10000.0;104.0
-1;6400;PEARLS;10000;4;9995;23;;;10005;23;;;;;10002.5;104.0
-1;6400;BANANAS;4947;23;;;;;4954;23;;;;;4950.5;118.87109
-1;6500;PEARLS;9995;20;;;;;10005;20;;;;;10000.0;104.0
-1;6500;BANANAS;4947;20;;;;;4954;20;;;;;4950.5;121.46875
-1;6600;PEARLS;9996;1;9995;26;;;10004;1;10005;26;;;10000.0;104.0
-1;6600;BANANAS;4948;27;;;;;4955;27;;;;;4951.5;126.72266
-1;6700;BANANAS;4948;28;;;;;4954;2;4955;26;;;4951.0;139.30469
-1;6700;PEARLS;10002;4;9996;2;9995;26;10004;2;10005;26;;;10003.0;104.0
-1;6800;BANANAS;4948;1;4947;24;;;4954;24;;;;;4951.0;142.61914
-1;6800;PEARLS;9998;1;9996;1;9995;23;10004;1;10005;23;;;10001.0;112.0
-1;6900;PEARLS;9995;28;;;;;10005;28;;;;;10000.0;132.0
-1;6900;BANANAS;4952;1;4951;4;4947;28;4954;28;;;;;4953.0;146.12695
-1;7000;PEARLS;10000;6;9998;7;9996;2;10004;2;10005;27;;;10002.0;132.0
-1;7000;BANANAS;4948;7;4947;29;;;4954;29;;;;;4951.0;150.10938
-1;7100;PEARLS;9996;1;9995;29;;;10004;1;10005;29;;;10000.0;132.0
-1;7100;BANANAS;4947;30;;;;;4954;30;;;;;4950.5;148.66016
-1;7200;BANANAS;4947;23;;;;;4954;23;;;;;4950.5;147.25781
-1;7200;PEARLS;9996;2;9995;21;;;10004;2;10005;21;;;10000.0;132.0
-1;7300;PEARLS;9996;2;9995;23;;;10002;4;10004;2;10005;23;9999.0;133.0
-1;7300;BANANAS;4947;25;;;;;4952;4;4954;25;;;4949.5;151.13281
-1;7400;PEARLS;10002;1;9996;2;9995;28;10004;2;10005;28;;;10003.0;133.0
-1;7400;BANANAS;4947;30;;;;;4953;2;4954;28;;;4950.0;152.6914
-1;7500;PEARLS;9995;29;;;;;10005;29;;;;;10000.0;135.0
-1;7500;BANANAS;4947;29;;;;;4953;29;;;;;4950.0;153.80469
-1;7600;BANANAS;4946;26;;;;;4953;26;;;;;4949.5;159.52734
-1;7600;PEARLS;9996;2;9995;24;;;10004;2;10005;24;;;10000.0;135.0
-1;7700;PEARLS;9995;28;;;;;10005;28;;;;;10000.0;135.0
-1;7700;BANANAS;4951;1;4945;28;;;4952;28;;;;;4951.5;167.05078
-1;7800;PEARLS;9996;1;9995;22;;;10004;1;10005;22;;;10000.0;136.0
-1;7800;BANANAS;4951;1;4946;23;;;4952;1;4953;22;;;4951.5;164.96875
-1;7900;PEARLS;9996;1;9995;25;;;10002;4;10004;1;10005;25;9999.0;136.0
-1;7900;BANANAS;4946;1;4945;25;;;4950;4;4952;26;;;4948.0;171.64844
-1;8000;BANANAS;4945;23;;;;;4952;23;;;;;4948.5;172.16797
-1;8000;PEARLS;9996;1;9995;22;;;10004;1;10005;22;;;10000.0;136.0
-1;8100;PEARLS;9995;22;;;;;10005;22;;;;;10000.0;136.0
-1;8100;BANANAS;4945;22;;;;;4952;22;;;;;4948.5;174.99219
-1;8200;PEARLS;9995;20;;;;;9998;1;10002;2;10005;20;9996.5;136.0
-1;8200;BANANAS;4949;2;4945;20;;;4950;2;4952;20;;;4949.5;175.46484
-1;8300;PEARLS;10002;1;9998;6;9996;1;10004;1;10005;26;;;10003.0;138.0
-1;8300;BANANAS;4946;6;4945;27;;;4952;27;;;;;4949.0;177.65625
-1;8400;BANANAS;4945;26;;;;;4951;26;;;;;4948.0;181.2461
-1;8400;PEARLS;9995;26;;;;;10005;26;;;;;10000.0;140.0
-1;8500;PEARLS;9995;30;;;;;10005;30;;;;;10000.0;140.0
-1;8500;BANANAS;4947;5;4944;30;;;4951;30;;;;;4949.0;187.76562
-1;8600;PEARLS;9996;1;9995;22;;;10004;1;10005;22;;;10000.0;140.0
-1;8600;BANANAS;4944;23;;;;;4951;23;;;;;4947.5;189.07812
-1;8700;PEARLS;9996;1;9995;29;;;10004;1;10005;29;;;10000.0;140.0
-1;8700;BANANAS;4945;30;;;;;4946;1;4952;30;;;4945.5;176.60156
-1;8800;BANANAS;4945;23;;;;;4947;4;4952;23;;;4946.0;176.32031
-1;8800;PEARLS;9995;23;;;;;9998;12;10005;23;;;9996.5;140.0
-1;8900;PEARLS;10002;5;9996;1;9995;26;10004;1;10005;26;;;10003.0;164.0
-1;8900;BANANAS;4945;27;;;;;4952;27;;;;;4948.5;184.4961
-1;9000;PEARLS;9995;23;;;;;10002;7;10005;23;;;9998.5;174.0
-1;9000;BANANAS;4945;23;;;;;4950;7;4952;23;;;4947.5;182.42578
-1;9100;PEARLS;9996;1;9995;30;;;10004;1;10005;30;;;10000.0;174.0
-1;9100;BANANAS;4946;31;;;;;4949;3;4952;1;4953;30;4947.5;178.9375
-1;9200;BANANAS;4945;24;;;;;4950;3;4952;24;;;4947.5;181.41016
-1;9200;PEARLS;9995;24;;;;;10002;3;10005;24;;;9998.5;174.0
-1;9300;PEARLS;9995;23;;;;;10005;23;;;;;10000.0;174.0
-1;9300;BANANAS;4945;23;;;;;4952;23;;;;;4948.5;181.60938
-1;9400;PEARLS;9996;2;9995;22;;;10004;2;10005;22;;;10000.0;174.0
-1;9400;BANANAS;4946;24;;;;;4952;24;;;;;4949.0;180.125
-1;9500;PEARLS;9998;9;9996;1;9995;28;10004;1;10005;28;;;10001.0;174.0
-1;9500;BANANAS;4946;10;4945;28;;;4952;29;;;;;4949.0;180.83594
-1;9600;BANANAS;4945;20;;;;;4946;1;4952;20;;;4945.5;182.0625
-1;9600;PEARLS;9995;20;;;;;10005;20;;;;;10000.0;174.0
-1;9700;PEARLS;9998;3;9995;25;;;10005;25;;;;;10001.5;174.0
-1;9700;BANANAS;4946;3;4945;25;;;4952;25;;;;;4949.0;183.22266
-1;9800;PEARLS;9995;21;;;;;10002;5;10005;21;;;9998.5;174.0
-1;9800;BANANAS;4945;21;;;;;4950;5;4952;21;;;4947.5;183.60352
-1;9900;BANANAS;4945;22;;;;;4952;22;;;;;4948.5;184.38281
-1;9900;PEARLS;9995;22;;;;;10005;22;;;;;10000.0;174.0
-1;10000;BANANAS;4946;8;4945;31;;;4952;31;;;;;4949.0;185.25
-1;10000;PEARLS;9998;8;9996;2;9995;29;10004;2;10005;29;;;10001.0;174.0
-1;10100;BANANAS;4945;22;;;;;4952;22;;;;;4948.5;184.42383
-1;10100;PEARLS;9995;22;;;;;10005;22;;;;;10000.0;174.0
-1;10200;PEARLS;9996;2;9995;23;;;10004;2;10005;23;;;10000.0;174.0
-1;10200;BANANAS;4946;25;;;;;4952;2;4953;23;;;4949.0;182.38477
-1;10300;PEARLS;9996;2;9995;20;;;10004;2;10005;20;;;10000.0;174.0
-1;10300;BANANAS;4946;2;4945;20;;;4947;4;4952;22;;;4946.5;183.51953
-1;10400;BANANAS;4946;30;;;;;4953;30;;;;;4949.5;189.3789
-1;10400;PEARLS;9995;30;;;;;10005;30;;;;;10000.0;176.0
-1;10500;PEARLS;9998;4;9996;1;9995;27;10004;1;10005;27;;;10001.0;176.0
-1;10500;BANANAS;4946;4;4945;28;;;4952;28;;;;;4949.0;193.5918
-1;10600;PEARLS;9995;23;;;;;9998;2;10002;6;10005;23;9996.5;176.0
-1;10600;BANANAS;4945;23;;;;;4950;6;4952;23;;;4947.5;193.5039
-1;10700;PEARLS;9998;1;9995;23;;;10005;23;;;;;10001.5;180.0
-1;10700;BANANAS;4946;1;4945;23;;;4952;23;;;;;4949.0;192.45508
-1;10800;BANANAS;4947;3;4946;23;;;4953;23;;;;;4950.0;189.54297
-1;10800;PEARLS;10002;1;9998;4;9995;23;10005;23;;;;;10003.5;180.0
-1;10900;PEARLS;9996;1;9995;29;;;10004;1;10005;29;;;10000.0;182.0
-1;10900;BANANAS;4947;1;4946;29;;;4953;30;;;;;4950.0;187.28711
-1;11000;PEARLS;9996;1;9995;29;;;10004;1;10005;29;;;10000.0;182.0
-1;11000;BANANAS;4946;30;;;;;4952;1;4953;29;;;4949.0;190.11719
-1;11100;PEARLS;9996;2;9995;29;;;10002;4;10004;2;10005;29;9999.0;182.0
-1;11100;BANANAS;4946;31;;;;;4951;4;4952;2;4953;29;4948.5;190.35742
-1;11200;BANANAS;4946;29;;;;;4952;1;4953;28;;;4949.0;190.22461
-1;11200;PEARLS;10002;1;9996;1;9995;28;10004;1;10005;28;;;10003.0;189.0
-1;11300;BANANAS;4950;1;4945;27;;;4952;27;;;;;4951.0;192.35547
-1;11300;PEARLS;9996;1;9995;26;;;10004;1;10005;26;;;10000.0;191.0
-1;11400;PEARLS;9998;2;9996;1;9995;23;10004;1;10005;23;;;10001.0;191.0
-1;11400;BANANAS;4946;3;4945;24;;;4951;1;4952;23;;;4948.5;196.31445
-1;11500;BANANAS;4945;2;4944;28;;;4951;29;;;;;4948.0;197.97852
-1;11500;PEARLS;9998;1;9996;1;9995;28;10004;1;10005;28;;;10001.0;191.0
-1;11600;BANANAS;4944;26;;;;;4951;26;;;;;4947.5;199.26367
-1;11600;PEARLS;9995;26;;;;;10005;26;;;;;10000.0;191.0
-1;11700;BANANAS;4944;22;;;;;4951;22;;;;;4947.5;198.47266
-1;11700;PEARLS;9996;1;9995;21;;;10004;1;10005;21;;;10000.0;191.0
-1;11800;PEARLS;9995;21;;;;;10005;21;;;;;10000.0;191.0
-1;11800;BANANAS;4944;21;;;;;4951;21;;;;;4947.5;198.22266
-1;11900;BANANAS;4944;25;;;;;4951;25;;;;;4947.5;201.45703
-1;11900;PEARLS;9995;25;;;;;10005;25;;;;;10000.0;191.0
-1;12000;BANANAS;4943;25;;;;;4950;25;;;;;4946.5;203.15039
-1;12000;PEARLS;9995;25;;;;;10005;25;;;;;10000.0;191.0
-1;12100;BANANAS;4943;22;;;;;4948;4;4949;2;4950;20;4945.5;206.61914
-1;12100;PEARLS;9996;2;9995;20;;;10002;3;10004;2;10005;20;9999.0;191.0
-1;12200;PEARLS;9998;10;9996;2;9995;26;10004;2;10005;26;;;10001.0;191.0
-1;12200;BANANAS;4944;10;4943;28;;;4950;28;;;;;4947.0;204.06836
-1;12300;BANANAS;4943;24;;;;;4950;24;;;;;4946.5;205.09766
-1;12300;PEARLS;9996;1;9995;23;;;10000;5;10004;1;10005;23;9998.0;191.0
-1;12400;BANANAS;4943;30;;;;;4949;1;4950;29;;;4946.0;205.81055
-1;12400;PEARLS;9996;1;9995;29;;;10004;1;10005;29;;;10000.0;191.0
-1;12500;BANANAS;4943;31;;;;;4949;2;4950;29;;;4946.0;205.79297
-1;12500;PEARLS;10002;5;9996;2;9995;29;10004;2;10005;29;;;10003.0;191.0
-1;12600;PEARLS;9998;5;9996;1;9995;30;10004;1;10005;30;;;10001.0;201.0
-1;12600;BANANAS;4944;5;4943;31;;;4949;31;;;;;4946.5;206.86719
-1;12700;BANANAS;4943;31;;;;;4950;31;;;;;4946.5;204.38086
-1;12700;PEARLS;9996;2;9995;29;;;10004;2;10005;29;;;10000.0;201.0
-1;12800;BANANAS;4943;31;;;;;4948;3;4950;31;;;4945.5;203.57422
-1;12800;PEARLS;9996;1;9995;30;;;10002;3;10004;1;10005;30;9999.0;201.0
-1;12900;BANANAS;4944;24;;;;;4950;24;;;;;4947.0;202.04102
-1;12900;PEARLS;9995;24;;;;;10005;24;;;;;10000.0;201.0
-1;13000;PEARLS;9995;27;;;;;10005;27;;;;;10000.0;201.0
-1;13000;BANANAS;4943;27;;;;;4950;27;;;;;4946.5;202.58398
-1;13100;BANANAS;4944;30;;;;;4950;2;4951;28;;;4947.0;201.48828
-1;13100;PEARLS;9996;2;9995;28;;;10004;2;10005;28;;;10000.0;201.0
-1;13200;BANANAS;4943;28;;;;;4950;28;;;;;4946.5;202.91406
-1;13200;PEARLS;9995;28;;;;;10005;28;;;;;10000.0;201.0
-1;13300;BANANAS;4949;1;4944;28;;;4950;2;4951;26;;;4949.5;201.6211
-1;13300;PEARLS;9996;2;9995;26;;;10004;2;10005;26;;;10000.0;201.0
-1;13400;PEARLS;10002;1;9996;1;9995;25;10004;1;10005;25;;;10003.0;201.0
-1;13400;BANANAS;4944;26;;;;;4950;1;4951;25;;;4947.0;203.20898
-1;13500;BANANAS;4947;4;4944;30;;;4949;9;4951;30;;;4948.0;201.01758
-1;13500;PEARLS;9996;1;9995;29;;;10002;9;10004;1;10005;29;9999.0;203.0
-1;13600;BANANAS;4944;25;;;;;4950;2;4951;23;;;4947.0;202.4961
-1;13600;PEARLS;9996;2;9995;23;;;10004;2;10005;23;;;10000.0;203.0
-1;13700;BANANAS;4947;5;4944;30;;;4949;7;4951;30;;;4948.0;202.21289
-1;13700;PEARLS;10000;2;9996;2;9995;28;10002;7;10004;2;10005;28;10001.0;203.0
-1;13800;PEARLS;9996;1;9995;24;;;10004;1;10005;24;;;10000.0;203.0
-1;13800;BANANAS;4943;25;;;;;4950;25;;;;;4946.5;208.0039
-1;13900;BANANAS;4942;20;;;;;4947;2;4949;20;;;4944.5;211.48438
-1;13900;PEARLS;9995;20;;;;;10002;2;10005;20;;;9998.5;203.0
-1;14000;BANANAS;4948;1;4943;1;4942;26;4949;27;;;;;4948.5;211.4336
-1;14000;PEARLS;9996;1;9995;26;;;10004;1;10005;26;;;10000.0;203.0
-1;14100;BANANAS;4942;24;;;;;4949;24;;;;;4945.5;217.79102
-1;14100;PEARLS;10000;3;9996;2;9995;22;10004;2;10005;22;;;10002.0;204.0
-1;14200;BANANAS;4942;24;;;;;4949;24;;;;;4945.5;218.16602
-1;14200;PEARLS;9996;2;9995;22;;;10004;2;10005;22;;;10000.0;204.0
-1;14300;PEARLS;9996;2;9995;28;;;10004;2;10005;28;;;10000.0;204.0
-1;14300;BANANAS;4943;30;;;;;4949;2;4950;28;;;4946.0;213.79492
-1;14400;BANANAS;4943;9;4942;23;;;4949;23;;;;;4946.0;215.77539
-1;14400;PEARLS;9998;9;9996;1;9995;22;10004;1;10005;22;;;10001.0;204.0
-1;14500;BANANAS;4943;22;;;;;4949;1;4950;22;;;4946.0;213.59766
-1;14500;PEARLS;9996;1;9995;22;;;10000;2;10004;1;10005;22;9998.0;204.0
-1;14600;PEARLS;9995;21;;;;;10002;3;10005;21;;;9998.5;204.0
-1;14600;BANANAS;4942;21;;;;;4947;3;4949;21;;;4944.5;215.50586
-1;14700;PEARLS;9998;5;9996;2;9995;24;10004;2;10005;24;;;10001.0;204.0
-1;14700;BANANAS;4943;7;4942;24;;;4949;26;;;;;4946.0;215.67969
-1;14800;PEARLS;9996;2;9995;21;;;10004;2;10005;21;;;10000.0;204.0
-1;14800;BANANAS;4943;1;4942;21;;;4949;23;;;;;4946.0;214.6914
-1;14900;BANANAS;4943;2;4942;28;;;4947;8;4949;30;;;4945.0;215.4707
-1;14900;PEARLS;9996;2;9995;28;;;10002;8;10004;2;10005;28;9999.0;204.0
-1;15000;PEARLS;9996;1;9995;22;;;10004;1;10005;22;;;10000.0;204.0
-1;15000;BANANAS;4942;23;;;;;4943;1;4949;23;;;4942.5;216.83594
-1;15100;PEARLS;10002;1;9996;1;9995;25;10004;1;10005;25;;;10003.0;204.0
-1;15100;BANANAS;4948;1;4943;1;4942;25;4949;26;;;;;4948.5;217.58398
-1;15200;PEARLS;9998;3;9996;2;9995;23;10000;4;10004;2;10005;23;9999.0;206.0
-1;15200;BANANAS;4946;3;4944;3;4943;25;4950;25;;;;;4948.0;216.65625
-1;15300;BANANAS;4943;5;4942;22;;;4949;24;;;;;4946.0;219.78516
-1;15300;PEARLS;9998;3;9996;2;9995;22;10004;2;10005;22;;;10001.0;206.0
-1;15400;PEARLS;9996;2;9995;24;;;10002;4;10004;2;10005;24;9999.0;206.0
-1;15400;BANANAS;4942;26;;;;;4947;4;4949;26;;;4944.5;221.12695
-1;15500;PEARLS;9998;5;9995;20;;;10005;20;;;;;10001.5;206.0
-1;15500;BANANAS;4948;1;4943;5;4942;20;4949;20;;;;;4948.5;220.21875
-1;15600;PEARLS;9996;1;9995;23;;;10004;1;10005;23;;;10000.0;206.0
-1;15600;BANANAS;4943;24;;;;;4950;24;;;;;4946.5;218.40625
-1;15700;PEARLS;9996;2;9995;20;;;10004;2;10005;20;;;10000.0;206.0
-1;15700;BANANAS;4944;22;;;;;4950;2;4951;20;;;4947.0;212.64844
-1;15800;BANANAS;4945;9;4944;26;;;4950;2;4951;24;;;4947.5;213.21094
-1;15800;PEARLS;9998;5;9996;2;9995;24;10004;2;10005;24;;;10001.0;206.0
-1;15900;PEARLS;9998;10;9995;27;;;10005;27;;;;;10001.5;206.0
-1;15900;BANANAS;4945;10;4944;27;;;4951;27;;;;;4948.0;210.1875
-1;16000;PEARLS;9996;2;9995;25;;;10002;7;10004;2;10005;25;9999.0;206.0
-1;16000;BANANAS;4945;27;;;;;4950;7;4951;2;4952;25;4947.5;206.64453
-1;16100;PEARLS;9998;4;9995;29;;;10005;29;;;;;10001.5;206.0
-1;16100;BANANAS;4945;4;4944;29;;;4951;29;;;;;4948.0;216.43945
-1;16200;BANANAS;4944;21;;;;;4945;1;4951;21;;;4944.5;216.41406
-1;16200;PEARLS;9995;21;;;;;10005;21;;;;;10000.0;206.0
-1;16300;PEARLS;9996;2;9995;29;;;10002;2;10004;2;10005;29;9999.0;206.0
-1;16300;BANANAS;4944;31;;;;;4949;2;4951;31;;;4946.5;218.4043
-1;16400;PEARLS;9996;2;9995;22;;;9998;1;10004;2;10005;22;9997.0;206.0
-1;16400;BANANAS;4945;2;4944;22;;;4951;24;;;;;4948.0;219.51172
-1;16500;PEARLS;9996;2;9995;25;;;10004;2;10005;25;;;10000.0;208.0
-1;16500;BANANAS;4945;2;4944;25;;;4951;27;;;;;4948.0;219.17969
-1;16600;BANANAS;4945;25;;;;;4951;25;;;;;4948.0;220.05078
-1;16600;PEARLS;9996;2;9995;23;;;10004;2;10005;23;;;10000.0;208.0
-1;16700;PEARLS;10002;3;9996;1;9995;23;10004;1;10005;23;;;10003.0;208.0
-1;16700;BANANAS;4944;24;;;;;4945;1;4951;24;;;4944.5;218.83594
-1;16800;PEARLS;9996;2;9995;30;;;10002;5;10004;2;10005;30;9999.0;214.0
-1;16800;BANANAS;4944;32;;;;;4949;5;4950;2;4951;30;4946.5;219.36719
-1;16900;PEARLS;9996;1;9995;23;;;10004;1;10005;23;;;10000.0;216.0
-1;16900;BANANAS;4944;24;;;;;4951;24;;;;;4947.5;221.04004
-1;17000;BANANAS;4944;23;;;;;4951;23;;;;;4947.5;220.88867
-1;17000;PEARLS;9995;23;;;;;10005;23;;;;;10000.0;216.0
-1;17100;PEARLS;9998;6;9996;1;9995;30;10004;1;10005;30;;;10001.0;216.0
-1;17100;BANANAS;4945;6;4944;30;;;4951;31;;;;;4948.0;222.7832
-1;17200;PEARLS;9998;6;9996;2;9995;24;10004;2;10005;24;;;10001.0;216.0
-1;17200;BANANAS;4946;6;4945;26;;;4951;2;4952;24;;;4948.5;223.4961
-1;17300;PEARLS;9995;28;;;;;9998;1;10002;3;10005;28;9996.5;216.0
-1;17300;BANANAS;4945;28;;;;;4947;2;4950;3;4952;28;4946.0;225.1416
-1;17400;BANANAS;4946;25;;;;;4952;1;4953;24;;;4949.0;230.04443
-1;17400;PEARLS;9996;1;9995;24;;;10004;1;10005;24;;;10000.0;218.0
-1;17500;PEARLS;9996;1;9995;23;;;10004;1;10005;23;;;10000.0;218.0
-1;17500;BANANAS;4951;11;4946;24;;;4953;24;;;;;4952.0;230.40576
-1;17600;PEARLS;9995;27;;;;;10005;27;;;;;10000.0;218.0
-1;17600;BANANAS;4945;27;;;;;4952;27;;;;;4948.5;256.46875
-1;17700;PEARLS;9996;1;9995;23;;;10004;1;10005;23;;;10000.0;218.0
-1;17700;BANANAS;4945;24;;;;;4951;1;4952;23;;;4948.0;259.63672
-1;17800;BANANAS;4944;23;;;;;4951;23;;;;;4947.5;262.82812
-1;17800;PEARLS;9995;23;;;;;10005;23;;;;;10000.0;218.0
-1;17900;PEARLS;9998;8;9996;1;9995;29;10004;1;10005;29;;;10001.0;218.0
-1;17900;BANANAS;4945;9;4944;29;;;4951;30;;;;;4948.0;263.25
-1;18000;PEARLS;9998;7;9996;2;9995;26;10004;2;10005;26;;;10001.0;218.0
-1;18000;BANANAS;4945;9;4944;26;;;4951;28;;;;;4948.0;262.39453
-1;18100;PEARLS;9995;21;;;;;10005;21;;;;;10000.0;218.0
-1;18100;BANANAS;4945;21;;;;;4952;21;;;;;4948.5;259.3086
-1;18200;BANANAS;4950;1;4945;24;;;4952;24;;;;;4951.0;258.6211
-1;18200;PEARLS;9996;1;9995;23;;;10004;1;10005;23;;;10000.0;218.0
-1;18300;PEARLS;9996;2;9995;27;;;10004;2;10005;27;;;10000.0;218.0
-1;18300;BANANAS;4944;29;;;;;4951;29;;;;;4947.5;270.27734
-1;18400;PEARLS;9996;1;9995;29;;;10004;1;10005;29;;;10000.0;218.0
-1;18400;BANANAS;4945;30;;;;;4951;1;4952;29;;;4948.0;263.14453
-1;18500;PEARLS;9998;3;9996;2;9995;30;10004;2;10005;30;;;10001.0;218.0
-1;18500;BANANAS;4946;3;4945;32;;;4951;2;4952;30;;;4948.5;263.27344
-1;18600;BANANAS;4945;31;;;;;4950;10;4951;1;4952;30;4947.5;261.9414
-1;18600;PEARLS;9996;1;9995;30;;;10002;9;10004;1;10005;30;9999.0;218.0
-1;18700;BANANAS;4945;27;;;;;4951;2;4952;25;;;4948.0;263.47266
-1;18700;PEARLS;10002;9;9996;2;9995;25;10004;2;10005;25;;;10003.0;218.0
-1;18800;PEARLS;9996;2;9995;22;;;10004;2;10005;22;;;10000.0;236.0
-1;18800;BANANAS;4945;24;;;;;4952;24;;;;;4948.5;259.33594
-1;18900;BANANAS;4945;28;;;;;4952;28;;;;;4948.5;256.3203
-1;18900;PEARLS;9996;1;9995;27;;;10004;1;10005;27;;;10000.0;236.0
-1;19000;BANANAS;4945;24;;;;;4950;7;4952;25;;;4947.5;263.11328
-1;19000;PEARLS;9995;25;;;;;10002;7;10005;25;;;9998.5;236.0
-1;19100;PEARLS;9996;1;9995;28;;;10000;5;10004;1;10005;28;9998.0;236.0
-1;19100;BANANAS;4945;29;;;;;4951;1;4952;28;;;4948.0;264.64844
-1;19200;PEARLS;9996;1;9995;28;;;10002;7;10004;1;10005;28;9999.0;236.0
-1;19200;BANANAS;4945;29;;;;;4950;7;4952;29;;;4947.5;261.15625
-1;19300;PEARLS;9996;2;9995;30;;;10004;2;10005;30;;;10000.0;236.0
-1;19300;BANANAS;4945;32;;;;;4952;32;;;;;4948.5;257.5586
-1;19400;BANANAS;4946;21;;;;;4951;3;4952;1;4953;20;4948.5;250.99219
-1;19400;PEARLS;9996;1;9995;20;;;10002;3;10004;1;10005;20;9999.0;236.0
-1;19500;PEARLS;9996;2;9995;20;;;10004;2;10005;20;;;10000.0;236.0
-1;19500;BANANAS;4946;22;;;;;4952;2;4953;20;;;4949.0;252.22656
-1;19600;PEARLS;9996;2;9995;29;;;10004;2;10005;29;;;10000.0;236.0
-1;19600;BANANAS;4946;31;;;;;4952;2;4953;29;;;4949.0;250.53125
-1;19700;PEARLS;9996;1;9995;24;;;10002;2;10004;1;10005;24;9999.0;236.0
-1;19700;BANANAS;4946;25;;;;;4951;2;4952;1;4953;24;4948.5;250.80469
-1;19800;BANANAS;4946;20;;;;;4953;20;;;;;4949.5;249.67969
-1;19800;PEARLS;10002;4;9995;20;;;10005;20;;;;;10003.5;236.0
-1;19900;PEARLS;9996;1;9995;27;;;10004;1;10005;27;;;10000.0;236.0
-1;19900;BANANAS;4946;28;;;;;4952;1;4953;27;;;4949.0;251.6914
-1;20000;PEARLS;9996;1;9995;28;;;10002;4;10004;1;10005;28;9999.0;236.0
-1;20000;BANANAS;4946;29;;;;;4951;4;4953;29;;;4948.5;246.20312
-1;20100;PEARLS;9998;9;9996;2;9995;29;10004;2;10005;29;;;10001.0;236.0
-1;20100;BANANAS;4947;10;4946;31;;;4952;2;4953;29;;;4949.5;251.1211
-1;20200;BANANAS;4946;29;;;;;4953;29;;;;;4949.5;250.0039
-1;20200;PEARLS;9995;29;;;;;10005;29;;;;;10000.0;236.0
-1;20300;BANANAS;4946;2;4945;21;;;4952;23;;;;;4949.0;254.96094
-1;20300;PEARLS;9996;2;9995;21;;;10004;2;10005;21;;;10000.0;236.0
-1;20400;PEARLS;9995;24;;;;;10005;24;;;;;10000.0;236.0
-1;20400;BANANAS;4946;24;;;;;4953;24;;;;;4949.5;272.71875
-1;20500;BANANAS;4946;30;;;;;4953;30;;;;;4949.5;272.49902
-1;20500;PEARLS;9995;30;;;;;10005;30;;;;;10000.0;236.0
-1;20600;BANANAS;4947;23;;;;;4953;2;4954;21;;;4950.0;269.41406
-1;20600;PEARLS;9996;2;9995;21;;;10004;2;10005;21;;;10000.0;236.0
-1;20700;BANANAS;4947;31;;;;;4948;1;4951;6;4953;31;4947.5;271.0
-1;20700;PEARLS;9996;1;9995;30;;;10002;6;10004;1;10005;30;9999.0;236.0
-1;20800;PEARLS;9996;2;9995;23;;;10004;2;10005;23;;;10000.0;236.0
-1;20800;BANANAS;4953;1;4948;2;4947;23;4954;25;;;;;4953.5;270.47656
-1;20900;BANANAS;4947;24;;;;;4954;24;;;;;4950.5;273.12305
-1;20900;PEARLS;9996;1;9995;23;;;10004;1;10005;23;;;10000.0;236.0
-1;21000;BANANAS;4948;27;;;;;4949;3;4955;27;;;4948.5;271.8203
-1;21000;PEARLS;9995;27;;;;;10005;27;;;;;10000.0;236.0
-1;21100;BANANAS;4949;1;4948;30;;;4955;30;;;;;4952.0;277.68213
-1;21100;PEARLS;9998;1;9996;2;9995;28;10004;2;10005;28;;;10001.0;236.0
-1;21200;PEARLS;9995;23;;;;;10005;23;;;;;10000.0;240.0
-1;21200;BANANAS;4947;23;;;;;4954;23;;;;;4950.5;279.87842
-1;21300;BANANAS;4947;29;;;;;4948;1;4954;29;;;4947.5;279.95508
-1;21300;PEARLS;9995;29;;;;;10005;29;;;;;10000.0;240.0
-1;21400;BANANAS;4948;30;;;;;4955;30;;;;;4951.5;283.77246
-1;21400;PEARLS;9995;30;;;;;10005;30;;;;;10000.0;240.0
-1;21500;BANANAS;4952;4;4948;2;4947;22;4954;24;;;;;4953.0;282.88184
-1;21500;PEARLS;9996;2;9995;22;;;10004;2;10005;22;;;10000.0;240.0
-1;21600;PEARLS;10002;1;9995;29;;;10005;29;;;;;10003.5;240.0
-1;21600;BANANAS;4951;2;4948;29;;;4955;29;;;;;4953.0;286.04102
-1;21700;BANANAS;4948;1;4947;30;;;4952;10;4954;31;;;4950.0;287.1709
-1;21700;PEARLS;9996;1;9995;30;;;10002;10;10004;1;10005;30;9999.0;242.0
-1;21800;BANANAS;4949;5;4948;29;;;4954;1;4955;28;;;4951.5;286.77637
-1;21800;PEARLS;9998;6;9996;1;9995;28;10004;1;10005;28;;;10001.0;242.0
-1;21900;BANANAS;4948;2;4947;28;;;4954;30;;;;;4951.0;287.4043
-1;21900;PEARLS;9996;2;9995;28;;;10004;2;10005;28;;;10000.0;242.0
-1;22000;PEARLS;9996;1;9995;23;;;10000;2;10004;1;10005;23;9998.0;243.0
-1;22000;BANANAS;4947;24;;;;;4948;1;4954;24;;;4947.5;289.5044
-1;22100;BANANAS;4948;1;4947;23;;;4954;25;;;;;4951.0;292.0
-1;22100;PEARLS;9996;2;9995;23;;;10004;2;10005;23;;;10000.0;243.0
-1;22200;BANANAS;4948;28;;;;;4953;4;4954;1;4955;27;4950.5;294.1748
-1;22200;PEARLS;9996;1;9995;27;;;10002;4;10004;1;10005;27;9999.0;244.0
-1;22300;BANANAS;4948;30;;;;;4955;30;;;;;4951.5;294.43604
-1;22300;PEARLS;9996;1;9995;29;;;10004;1;10005;29;;;10000.0;244.0
-1;22400;PEARLS;10002;2;9996;2;9995;24;10004;2;10005;24;;;10003.0;244.0
-1;22400;BANANAS;4948;26;;;;;4955;26;;;;;4951.5;294.313
-1;22500;BANANAS;4948;27;;;;;4955;27;;;;;4951.5;294.5083
-1;22500;PEARLS;10002;6;9995;27;;;10005;27;;;;;10003.5;248.0
-1;22600;BANANAS;4948;27;;;;;4953;9;4955;27;;;4950.5;294.4497
-1;22600;PEARLS;9996;1;9995;26;;;10002;9;10004;1;10005;26;9999.0;250.0
-1;22700;BANANAS;4948;28;;;;;4955;28;;;;;4951.5;294.82715
-1;22700;PEARLS;9995;28;;;;;10005;28;;;;;10000.0;250.0
-1;22800;PEARLS;9996;1;9995;29;;;9998;3;10004;1;10005;29;9997.0;250.0
-1;22800;BANANAS;4948;30;;;;;4954;1;4955;29;;;4951.0;294.1079
-1;22900;BANANAS;4948;26;;;;;4954;2;4955;24;;;4951.0;294.19678
-1;22900;PEARLS;9996;2;9995;24;;;9998;1;10004;2;10005;24;9997.0;256.0
-1;23000;BANANAS;4949;3;4948;26;;;4955;26;;;;;4952.0;294.6753
-1;23000;PEARLS;9998;3;9996;2;9995;24;10004;2;10005;24;;;10001.0;258.0
-1;23100;BANANAS;4948;24;;;;;4953;10;4955;24;;;4950.5;294.52783
-1;23100;PEARLS;9996;1;9995;23;;;10002;10;10004;1;10005;23;9999.0;258.0
-1;23200;BANANAS;4948;26;;;;;4953;10;4955;26;;;4950.5;294.34277
-1;23200;PEARLS;9995;26;;;;;9998;1;10002;10;10005;26;9996.5;258.0
-1;23300;PEARLS;9995;22;;;;;10005;22;;;;;10000.0;260.0
-1;23300;BANANAS;4947;22;;;;;4954;22;;;;;4950.5;307.2578
-1;23400;BANANAS;4949;6;4948;21;;;4954;21;;;;;4951.5;307.70312
-1;23400;PEARLS;9998;6;9995;21;;;10005;21;;;;;10001.5;260.0
-1;23500;BANANAS;4950;2;4948;2;4947;26;4954;28;;;;;4952.0;305.71875
-1;23500;PEARLS;9996;2;9995;26;;;10004;2;10005;26;;;10000.0;260.0
-1;23600;PEARLS;9995;21;;;;;10002;6;10005;21;;;9998.5;260.0
-1;23600;BANANAS;4952;3;4948;21;;;4953;6;4955;21;;;4952.5;310.3672
-1;23700;PEARLS;9995;24;;;;;10005;24;;;;;10000.0;260.0
-1;23700;BANANAS;4947;24;;;;;4954;24;;;;;4950.5;307.5
-1;23800;PEARLS;9996;2;9995;21;;;10004;2;10005;21;;;10000.0;260.0
-1;23800;BANANAS;4948;2;4947;21;;;4954;23;;;;;4951.0;308.9375
-1;23900;BANANAS;4953;1;4947;20;;;4954;20;;;;;4953.5;305.9375
-1;23900;PEARLS;9995;20;;;;;10005;20;;;;;10000.0;260.0
-1;24000;PEARLS;9996;1;9995;22;;;10002;6;10004;1;10005;22;9999.0;260.0
-1;24000;BANANAS;4947;23;;;;;4951;6;4953;23;;;4949.0;301.97656
-1;24100;PEARLS;9996;2;9995;24;;;10004;2;10005;24;;;10000.0;260.0
-1;24100;BANANAS;4946;26;;;;;4953;26;;;;;4949.5;297.25
-1;24200;PEARLS;9998;4;9996;2;9995;25;10004;2;10005;25;;;10001.0;260.0
-1;24200;BANANAS;4951;1;4946;7;4945;25;4952;27;;;;;4951.5;289.3203
-1;24300;BANANAS;4945;2;4944;21;;;4951;23;;;;;4948.0;282.10938
-1;24300;PEARLS;10002;6;9996;2;9995;21;10004;2;10005;21;;;10003.0;260.0
-1;24400;PEARLS;9995;25;;;;;10005;25;;;;;10000.0;270.0
-1;24400;BANANAS;4944;25;;;;;4951;25;;;;;4947.5;279.10156
-1;24500;PEARLS;9995;21;;;;;9998;2;10002;7;10005;21;9996.5;270.0
-1;24500;BANANAS;4949;4;4945;21;;;4950;7;4952;21;;;4949.5;287.33594
-1;24600;PEARLS;9996;1;9995;26;;;10004;1;10005;26;;;10000.0;274.0
-1;24600;BANANAS;4945;27;;;;;4951;1;4952;26;;;4948.0;287.66016
-1;24700;PEARLS;9996;2;9995;20;;;10004;2;10005;20;;;10000.0;274.0
-1;24700;BANANAS;4945;22;;;;;4951;2;4952;20;;;4948.0;288.2461
-1;24800;BANANAS;4945;28;;;;;4951;28;;;;;4948.0;288.10742
-1;24800;PEARLS;9996;2;9995;26;;;10004;2;10005;26;;;10000.0;275.0
-1;24900;PEARLS;9998;5;9996;2;9995;28;10004;2;10005;28;;;10001.0;275.0
-1;24900;BANANAS;4945;5;4944;30;;;4951;30;;;;;4948.0;285.6289
-1;25000;PEARLS;9996;1;9995;26;;;10002;1;10004;1;10005;26;9999.0;275.0
-1;25000;BANANAS;4944;27;;;;;4949;1;4951;27;;;4946.5;286.20508
-1;25100;PEARLS;9995;23;;;;;10005;23;;;;;10000.0;275.0
-1;25100;BANANAS;4946;6;4944;23;;;4950;23;;;;;4948.0;282.9707
-1;25200;BANANAS;4944;25;;;;;4951;26;;;;;4947.5;285.02148
-1;25200;PEARLS;9996;2;9995;24;;;10004;2;10005;24;;;10000.0;276.0
-1;25300;PEARLS;9996;2;9995;24;;;10002;1;10004;2;10005;24;9999.0;276.0
-1;25300;BANANAS;4944;26;;;;;4948;1;4950;26;;;4946.0;283.04688
-1;25400;PEARLS;9998;2;9996;2;9995;30;10004;2;10005;30;;;10001.0;277.0
-1;25400;BANANAS;4945;2;4944;32;;;4951;32;;;;;4948.0;288.01172
-1;25500;PEARLS;9998;3;9996;2;9995;23;10004;2;10005;23;;;10001.0;277.0
-1;25500;BANANAS;4946;3;4945;25;;;4951;25;;;;;4948.5;290.0371
-1;25600;BANANAS;4950;1;4945;31;;;4951;1;4952;30;;;4950.5;290.5078
-1;25600;PEARLS;9996;1;9995;30;;;10004;1;10005;30;;;10000.0;277.0
-1;25700;PEARLS;9996;1;9995;22;;;10004;1;10005;22;;;10000.0;277.0
-1;25700;BANANAS;4945;23;;;;;4951;1;4952;22;;;4948.0;292.20703
-1;25800;PEARLS;9996;1;9995;27;;;10004;1;10005;27;;;10000.0;277.0
-1;25800;BANANAS;4945;1;4944;27;;;4951;28;;;;;4948.0;291.72852
-1;25900;PEARLS;9995;28;;;;;10005;28;;;;;10000.0;277.0
-1;25900;BANANAS;4944;28;;;;;4951;28;;;;;4947.5;291.39844
-1;26000;BANANAS;4945;24;;;;;4949;7;4951;24;;;4947.0;291.88867
-1;26000;PEARLS;9995;24;;;;;10002;7;10005;24;;;9998.5;277.0
-1;26100;PEARLS;9995;25;;;;;10002;7;10005;25;;;9998.5;277.0
-1;26100;BANANAS;4945;25;;;;;4950;7;4952;25;;;4947.5;292.80078
-1;26200;PEARLS;9996;1;9995;25;;;10004;1;10005;25;;;10000.0;277.0
-1;26200;BANANAS;4945;26;;;;;4952;26;;;;;4948.5;293.12695
-1;26300;PEARLS;9995;24;;;;;10005;24;;;;;10000.0;277.0
-1;26300;BANANAS;4945;24;;;;;4952;24;;;;;4948.5;292.54883
-1;26400;BANANAS;4945;28;;;;;4952;29;;;;;4948.5;293.01758
-1;26400;PEARLS;10002;3;9995;29;;;10005;29;;;;;10003.5;277.0
-1;26500;PEARLS;9996;1;9995;23;;;10002;4;10004;1;10005;23;9999.0;277.0
-1;26500;BANANAS;4945;24;;;;;4949;3;4951;24;;;4947.0;292.0
-1;26600;PEARLS;10002;3;9998;1;9996;1;10004;1;10005;21;;;10003.0;277.0
-1;26600;BANANAS;4946;1;4945;22;;;4952;22;;;;;4949.0;294.875
-1;26700;PEARLS;9995;24;;;;;10000;6;10005;24;;;9997.5;277.0
-1;26700;BANANAS;4945;24;;;;;4952;24;;;;;4948.5;294.3623
-1;26800;BANANAS;4945;24;;;;;4952;24;;;;;4948.5;295.0244
-1;26800;PEARLS;9995;24;;;;;10005;24;;;;;10000.0;277.0
-1;26900;PEARLS;9995;27;;;;;9998;1;10002;5;10005;27;9996.5;277.0
-1;26900;BANANAS;4945;27;;;;;4950;5;4952;27;;;4947.5;294.5752
-1;27000;PEARLS;9996;1;9995;30;;;10002;7;10004;1;10005;30;9999.0;279.0
-1;27000;BANANAS;4945;31;;;;;4950;7;4952;31;;;4947.5;294.99512
-1;27100;PEARLS;9996;2;9995;22;;;10002;7;10004;2;10005;22;9999.0;279.0
-1;27100;BANANAS;4945;24;;;;;4950;7;4952;24;;;4947.5;295.08203
-1;27200;BANANAS;4950;3;4946;2;4945;31;4952;31;;;;;4951.0;295.3506
-1;27200;PEARLS;9998;2;9996;2;9995;29;10004;2;10005;29;;;10001.0;279.0
-1;27300;PEARLS;10000;5;9996;2;9995;25;10004;2;10005;25;;;10002.0;279.0
-1;27300;BANANAS;4946;27;;;;;4952;2;4953;25;;;4949.0;298.9043
-1;27400;PEARLS;9996;1;9995;24;;;10004;1;10005;24;;;10000.0;279.0
-1;27400;BANANAS;4946;25;;;;;4952;25;;;;;4949.0;299.01123
-1;27500;BANANAS;4945;26;;;;;4947;1;4950;10;4952;26;4946.0;299.2998
-1;27500;PEARLS;9996;2;9995;24;;;10002;10;10004;2;10005;24;9999.0;280.0
-1;27600;BANANAS;4945;23;;;;;4952;23;;;;;4948.5;301.0
-1;27600;PEARLS;9996;1;9995;22;;;9998;1;10004;1;10005;22;9997.0;280.0
-1;27700;BANANAS;4946;26;;;;;4952;2;4953;24;;;4949.0;301.0
-1;27700;PEARLS;9996;2;9995;24;;;10004;2;10005;24;;;10000.0;282.0
-1;27800;PEARLS;9995;28;;;;;10005;28;;;;;10000.0;288.0
-1;27800;BANANAS;4947;28;;;;;4953;28;;;;;4950.0;301.01562
-1;27900;PEARLS;9996;1;9995;25;;;9998;4;10004;1;10005;25;9997.0;288.0
-1;27900;BANANAS;4947;1;4946;25;;;4953;26;;;;;4950.0;301.53613
-1;28000;BANANAS;4946;24;;;;;4951;9;4953;24;;;4948.5;303.8418
-1;28000;PEARLS;9995;24;;;;;10002;9;10005;24;;;9998.5;296.0
-1;28100;PEARLS;9995;22;;;;;10005;22;;;;;10000.0;297.0
-1;28100;BANANAS;4945;22;;;;;4952;22;;;;;4948.5;306.1328
-1;28200;PEARLS;9996;1;9995;29;;;10004;1;10005;29;;;10000.0;298.0
-1;28200;BANANAS;4946;30;;;;;4952;1;4953;29;;;4949.0;306.63965
-1;28300;PEARLS;9996;1;9995;23;;;10002;7;10004;1;10005;23;9999.0;298.0
-1;28300;BANANAS;4946;24;;;;;4951;7;4953;24;;;4948.5;305.83008
-1;28400;BANANAS;4947;21;;;;;4951;9;4953;21;;;4949.0;304.0078
-1;28400;PEARLS;9995;21;;;;;10002;9;10005;21;;;9998.5;298.0
-1;28500;PEARLS;9996;1;9995;30;;;10004;1;10005;30;;;10000.0;298.0
-1;28500;BANANAS;4952;1;4947;31;;;4954;31;;;;;4953.0;302.89844
-1;28600;PEARLS;9998;7;9996;2;9995;29;10004;2;10005;29;;;10001.0;298.0
-1;28600;BANANAS;4949;6;4948;31;;;4954;2;4955;29;;;4951.5;301.4922
-1;28700;PEARLS;9996;1;9995;24;;;10004;1;10005;24;;;10000.0;298.0
-1;28700;BANANAS;4948;25;;;;;4955;25;;;;;4951.5;299.67773
-1;28800;BANANAS;4949;2;4948;20;;;4955;22;;;;;4952.0;298.58203
-1;28800;PEARLS;9996;2;9995;20;;;10004;2;10005;20;;;10000.0;306.0
-1;28900;PEARLS;9995;22;;;;;10005;22;;;;;10000.0;306.0
-1;28900;BANANAS;4949;22;;;;;4956;22;;;;;4952.5;295.30078
-1;29000;PEARLS;9995;24;;;;;10005;24;;;;;10000.0;306.0
-1;29000;BANANAS;4949;24;;;;;4956;24;;;;;4952.5;294.51953
-1;29100;BANANAS;4951;9;4950;31;;;4956;31;;;;;4953.5;294.0371
-1;29100;PEARLS;9998;9;9996;2;9995;29;10004;2;10005;29;;;10001.0;307.0
-1;29200;BANANAS;4950;20;;;;;4955;4;4957;20;;;4952.5;291.67773
-1;29200;PEARLS;9995;20;;;;;10002;3;10005;20;;;9998.5;307.0
-1;29300;BANANAS;4950;24;;;;;4956;25;;;;;4953.0;294.04883
-1;29300;PEARLS;9995;25;;;;;10005;25;;;;;10000.0;307.0
-1;29400;PEARLS;9996;1;9995;23;;;10004;1;10005;23;;;10000.0;307.0
-1;29400;BANANAS;4954;4;4950;1;4949;23;4956;24;;;;;4955.0;295.04297
-1;29500;BANANAS;4949;24;;;;;4956;24;;;;;4952.5;301.66406
-1;29500;PEARLS;10002;1;9996;2;9995;22;10004;2;10005;22;;;10003.0;307.0
-1;29600;BANANAS;4949;20;;;;;4956;20;;;;;4952.5;300.1953
-1;29600;PEARLS;9995;20;;;;;9998;1;10005;20;;;9996.5;309.0
-1;29700;BANANAS;4950;1;4949;26;;;4956;27;;;;;4953.0;299.16016
-1;29700;PEARLS;9996;1;9995;26;;;10004;1;10005;26;;;10000.0;311.0
-1;29800;PEARLS;9998;7;9996;1;9995;29;10004;1;10005;29;;;10001.0;311.0
-1;29800;BANANAS;4950;7;4949;30;;;4956;30;;;;;4953.0;304.4414
-1;29900;BANANAS;4950;9;4949;26;;;4956;27;;;;;4953.0;299.76562
-1;29900;PEARLS;9998;8;9996;1;9995;26;10000;2;10004;1;10005;26;9999.0;311.0
-1;30000;BANANAS;4950;21;;;;;4955;6;4956;1;4957;20;4952.5;297.4414
-1;30000;PEARLS;9996;1;9995;20;;;10002;7;10004;1;10005;20;9999.0;311.0
-1;30100;BANANAS;4949;22;;;;;4956;22;;;;;4952.5;306.11328
-1;30100;PEARLS;9995;22;;;;;10000;5;10005;22;;;9997.5;311.0
-1;30200;PEARLS;9996;2;9995;22;;;10004;2;10005;22;;;10000.0;311.0
-1;30200;BANANAS;4949;24;;;;;4952;2;4956;24;;;4950.5;304.125
-1;30300;BANANAS;4949;2;4948;28;;;4953;7;4955;30;;;4951.0;307.52734
-1;30300;PEARLS;9996;2;9995;28;;;10002;7;10004;2;10005;28;9999.0;311.0
-1;30400;BANANAS;4948;23;;;;;4955;23;;;;;4951.5;311.8789
-1;30400;PEARLS;9996;2;9995;21;;;10004;2;10005;21;;;10000.0;311.0
-1;30500;BANANAS;4948;29;;;;;4954;1;4955;28;;;4951.0;315.3711
-1;30500;PEARLS;9996;1;9995;28;;;10004;1;10005;28;;;10000.0;311.0
-1;30600;PEARLS;9995;30;;;;;10005;30;;;;;10000.0;311.0
-1;30600;BANANAS;4948;30;;;;;4955;30;;;;;4951.5;308.23438
-1;30700;BANANAS;4953;3;4948;23;;;4955;23;;;;;4954.0;311.5703
-1;30700;PEARLS;9996;1;9995;22;;;10004;1;10005;22;;;10000.0;311.0
-1;30800;BANANAS;4948;29;;;;;4955;29;;;;;4951.5;311.5547
-1;30800;PEARLS;9995;29;;;;;10005;29;;;;;10000.0;311.0
-1;30900;BANANAS;4950;2;4949;23;;;4955;23;;;;;4952.5;309.8828
-1;30900;PEARLS;9998;2;9995;23;;;10005;23;;;;;10001.5;311.0
-1;31000;PEARLS;9995;20;;;;;10005;20;;;;;10000.0;311.0
-1;31000;BANANAS;4950;20;;;;;4956;20;;;;;4953.0;296.2422
-1;31100;BANANAS;4950;22;;;;;4956;1;4957;21;;;4953.0;294.1953
-1;31100;PEARLS;9996;1;9995;21;;;10004;1;10005;21;;;10000.0;311.0
-1;31200;BANANAS;4950;1;4949;27;;;4956;29;;;;;4953.0;297.21875
-1;31200;PEARLS;9996;2;9995;27;;;10004;2;10005;27;;;10000.0;311.0
-1;31300;BANANAS;4950;30;;;;;4957;30;;;;;4953.5;291.71094
-1;31300;PEARLS;9995;30;;;;;10005;30;;;;;10000.0;311.0
-1;31400;PEARLS;9996;2;9995;30;;;10004;2;10005;30;;;10000.0;311.0
-1;31400;BANANAS;4951;2;4950;30;;;4957;32;;;;;4954.0;282.6875
-1;31500;BANANAS;4951;22;;;;;4958;23;;;;;4954.5;281.5625
-1;31500;PEARLS;9995;23;;;;;10005;23;;;;;10000.0;311.0
-1;31600;BANANAS;4952;2;4951;32;;;4958;32;;;;;4955.0;275.73438
-1;31600;PEARLS;9998;2;9996;2;9995;30;10004;2;10005;30;;;10001.0;311.0
-1;31700;BANANAS;4951;29;;;;;4956;2;4958;29;;;4953.5;280.6875
-1;31700;PEARLS;9995;29;;;;;9998;4;10002;2;10005;29;9996.5;311.0
-1;31800;PEARLS;9995;21;;;;;10005;21;;;;;10000.0;319.0
-1;31800;BANANAS;4950;21;;;;;4957;21;;;;;4953.5;289.04688
-1;31900;BANANAS;4952;9;4951;29;;;4957;2;4958;27;;;4954.5;282.53125
-1;31900;PEARLS;9998;9;9996;2;9995;27;10004;2;10005;27;;;10001.0;319.0
-1;32000;BANANAS;4951;30;;;;;4957;1;4958;29;;;4954.0;282.48438
-1;32000;PEARLS;9996;1;9995;29;;;10000;3;10004;1;10005;29;9998.0;319.0
-1;32100;BANANAS;4951;31;;;;;4957;1;4958;30;;;4954.0;278.9453
-1;32100;PEARLS;9996;1;9995;30;;;10004;1;10005;30;;;10000.0;319.0
-1;32200;BANANAS;4951;26;;;;;4956;6;4957;1;4958;25;4953.5;282.0547
-1;32200;PEARLS;9996;1;9995;25;;;10002;7;10004;1;10005;25;9999.0;319.0
-1;32300;PEARLS;9996;1;9995;25;;;10002;6;10004;1;10005;25;9999.0;319.0
-1;32300;BANANAS;4950;26;;;;;4955;7;4957;26;;;4952.5;287.39062
-1;32400;PEARLS;9996;2;9995;27;;;10002;1;10004;2;10005;27;9999.0;319.0
-1;32400;BANANAS;4950;29;;;;;4951;1;4955;1;4957;29;4950.5;289.875
-1;32500;BANANAS;4955;1;4950;25;;;4957;25;;;;;4956.0;294.91406
-1;32500;PEARLS;9996;2;9995;23;;;10004;2;10005;23;;;10000.0;319.0
-1;32600;PEARLS;9995;30;;;;;10005;30;;;;;10000.0;319.0
-1;32600;BANANAS;4950;30;;;;;4957;30;;;;;4953.5;298.29688
-1;32700;PEARLS;10002;1;9996;1;9995;26;10004;1;10005;26;;;10003.0;319.0
-1;32700;BANANAS;4950;27;;;;;4956;1;4957;26;;;4953.0;300.7422
-1;32800;PEARLS;9995;23;;;;;10005;23;;;;;10000.0;327.0
-1;32800;BANANAS;4949;23;;;;;4956;23;;;;;4952.5;305.0
-1;32900;BANANAS;4950;24;;;;;4954;1;4956;24;;;4952.0;302.21875
-1;32900;PEARLS;9996;1;9995;23;;;10002;1;10004;1;10005;23;9999.0;327.0
-1;33000;PEARLS;10002;1;9996;1;9995;27;10004;1;10005;27;;;10003.0;327.0
-1;33000;BANANAS;4949;28;;;;;4956;28;;;;;4952.5;307.66406
-1;33100;PEARLS;9995;24;;;;;10005;24;;;;;10000.0;329.0
-1;33100;BANANAS;4948;24;;;;;4955;24;;;;;4951.5;322.8125
-1;33200;PEARLS;9995;25;;;;;10002;9;10005;25;;;9998.5;329.0
-1;33200;BANANAS;4948;25;;;;;4953;9;4955;25;;;4950.5;322.29688
-1;33300;BANANAS;4949;26;;;;;4954;7;4955;2;4956;24;4951.5;314.6953
-1;33300;PEARLS;9996;2;9995;24;;;10002;7;10004;2;10005;24;9999.0;329.0
-1;33400;PEARLS;9995;27;;;;;10005;27;;;;;10000.0;329.0
-1;33400;BANANAS;4949;27;;;;;4956;27;;;;;4952.5;309.15625
-1;33500;PEARLS;9998;10;9995;25;;;10005;25;;;;;10001.5;329.0
-1;33500;BANANAS;4950;10;4949;25;;;4956;25;;;;;4953.0;304.6953
-1;33600;PEARLS;9995;27;;;;;10005;27;;;;;10000.0;329.0
-1;33600;BANANAS;4949;27;;;;;4950;1;4956;27;;;4949.5;307.5703
-1;33700;PEARLS;9998;7;9996;1;9995;22;10004;1;10005;22;;;10001.0;329.0
-1;33700;BANANAS;4950;1;4949;23;;;4955;1;4956;22;;;4952.5;316.03125
-1;33800;BANANAS;4948;26;;;;;4955;26;;;;;4951.5;324.5547
-1;33800;PEARLS;10002;1;9995;26;;;10005;26;;;;;10003.5;329.0
-1;33900;PEARLS;9995;24;;;;;10005;24;;;;;10000.0;331.0
-1;33900;BANANAS;4948;24;;;;;4955;24;;;;;4951.5;324.79688
-1;34000;PEARLS;10002;1;9996;1;9995;24;10004;1;10005;24;;;10003.0;333.0
-1;34000;BANANAS;4953;1;4948;25;;;4955;25;;;;;4954.0;326.60156
-1;34100;PEARLS;9996;1;9995;26;;;10004;1;10005;26;;;10000.0;335.0
-1;34100;BANANAS;4948;26;;;;;4949;7;4955;27;;;4948.5;321.71094
-1;34200;BANANAS;4949;27;;;;;4956;27;;;;;4952.5;336.23438
-1;34200;PEARLS;9996;1;9995;26;;;10004;1;10005;26;;;10000.0;335.0
-1;34300;PEARLS;9996;2;9995;20;;;10004;2;10005;20;;;10000.0;340.0
-1;34300;BANANAS;4949;21;;;;;4955;22;;;;;4952.0;343.22656
-1;34400;PEARLS;9996;2;9995;23;;;10004;2;10005;23;;;10000.0;340.0
-1;34400;BANANAS;4949;1;4948;23;;;4955;25;;;;;4952.0;344.34375
-1;34500;PEARLS;9995;25;;;;;10002;2;10005;25;;;9998.5;340.0
-1;34500;BANANAS;4948;25;;;;;4953;2;4955;25;;;4950.5;346.73438
-1;34600;BANANAS;4948;22;;;;;4955;22;;;;;4951.5;345.5703
-1;34600;PEARLS;9995;22;;;;;10005;22;;;;;10000.0;340.0
-1;34700;PEARLS;9995;29;;;;;9998;5;10005;29;;;9996.5;340.0
-1;34700;BANANAS;4948;29;;;;;4955;29;;;;;4951.5;344.15234
-1;34800;PEARLS;10002;1;10000;2;9995;24;10005;24;;;;;10003.5;350.0
-1;34800;BANANAS;4948;24;;;;;4951;6;4955;24;;;4949.5;344.6953
-1;34900;PEARLS;9996;2;9995;22;;;10004;2;10005;22;;;10000.0;352.0
-1;34900;BANANAS;4949;23;;;;;4955;2;4956;22;;;4952.0;342.47266
-1;35000;BANANAS;4949;2;4948;20;;;4953;10;4955;22;;;4951.0;346.33203
-1;35000;PEARLS;9996;2;9995;20;;;10002;10;10004;2;10005;20;9999.0;352.0
-1;35100;PEARLS;9996;1;9995;25;;;10004;1;10005;25;;;10000.0;352.0
-1;35100;BANANAS;4949;26;;;;;4956;26;;;;;4952.5;342.91406
-1;35200;PEARLS;9995;24;;;;;10005;24;;;;;10000.0;352.0
-1;35200;BANANAS;4949;24;;;;;4950;1;4956;24;;;4949.5;340.6914
-1;35300;PEARLS;9998;9;9995;24;;;10005;24;;;;;10001.5;352.0
-1;35300;BANANAS;4951;9;4950;24;;;4957;24;;;;;4954.0;340.9746
-1;35400;BANANAS;4950;22;;;;;4957;22;;;;;4953.5;338.6172
-1;35400;PEARLS;9995;22;;;;;10005;22;;;;;10000.0;352.0
-1;35500;PEARLS;10002;5;9995;25;;;10005;25;;;;;10003.5;352.0
-1;35500;BANANAS;4950;25;;;;;4951;1;4957;25;;;4950.5;338.5664
-1;35600;PEARLS;9998;10;9996;1;9995;26;10004;1;10005;26;;;10001.0;362.0
-1;35600;BANANAS;4950;10;4949;26;;;4956;27;;;;;4953.0;344.81445
-1;35700;PEARLS;10002;1;9996;1;9995;26;10004;1;10005;26;;;10003.0;362.0
-1;35700;BANANAS;4950;27;;;;;4955;1;4957;27;;;4952.5;341.26172
-1;35800;BANANAS;4950;30;;;;;4956;2;4957;28;;;4953.0;343.30664
-1;35800;PEARLS;9996;2;9995;28;;;10004;2;10005;28;;;10000.0;371.0
-1;35900;PEARLS;9996;1;9995;29;;;10002;3;10004;1;10005;29;9999.0;371.0
-1;35900;BANANAS;4950;1;4949;29;;;4951;4;4954;3;4956;30;4950.5;344.16406
-1;36000;PEARLS;9995;28;;;;;9998;1;10005;28;;;9996.5;371.0
-1;36000;BANANAS;4950;28;;;;;4957;28;;;;;4953.5;352.0
-1;36100;PEARLS;9995;26;;;;;9998;4;10005;26;;;9996.5;373.0
-1;36100;BANANAS;4950;26;;;;;4957;26;;;;;4953.5;352.0
-1;36200;BANANAS;4950;30;;;;;4955;3;4957;30;;;4952.5;352.0
-1;36200;PEARLS;9996;1;9995;29;;;10002;3;10004;1;10005;29;9999.0;381.0
-1;36300;PEARLS;9995;22;;;;;9998;1;10005;22;;;9996.5;381.0
-1;36300;BANANAS;4951;21;;;;;4958;22;;;;;4954.5;352.0
-1;36400;PEARLS;9996;1;9995;27;;;10002;5;10004;1;10005;27;9999.0;383.0
-1;36400;BANANAS;4950;28;;;;;4955;5;4957;28;;;4952.5;352.0
-1;36500;BANANAS;4951;1;4950;26;;;4955;10;4957;27;;;4953.0;352.0
-1;36500;PEARLS;9996;1;9995;26;;;10002;10;10004;1;10005;26;9999.0;383.0
-1;36600;BANANAS;4951;1;4950;21;;;4957;21;;;;;4954.0;352.0
-1;36600;PEARLS;10002;4;9998;1;9995;21;10005;21;;;;;10003.5;386.0
-1;36700;BANANAS;4954;11;4949;30;;;4956;30;;;;;4955.0;352.0
-1;36700;PEARLS;10002;1;9995;30;;;10005;30;;;;;10003.5;394.0
-1;36800;PEARLS;10002;1;9996;1;9995;26;10004;1;10005;26;;;10003.0;397.0
-1;36800;BANANAS;4950;27;;;;;4953;2;4957;27;;;4951.5;360.03516
-1;36900;PEARLS;9996;2;9995;29;;;10002;3;10004;2;10005;29;9999.0;399.0
-1;36900;BANANAS;4950;31;;;;;4955;3;4957;31;;;4952.5;358.41797
-1;37000;BANANAS;4953;2;4951;4;4950;23;4957;23;;;;;4955.0;357.03906
-1;37000;PEARLS;9998;4;9995;23;;;10005;23;;;;;10001.5;399.0
-1;37100;PEARLS;9996;1;9995;23;;;10004;1;10005;23;;;10000.0;399.0
-1;37100;BANANAS;4955;1;4950;24;;;4957;24;;;;;4956.0;361.82812
-1;37200;PEARLS;9998;2;9995;22;;;10005;22;;;;;10001.5;399.0
-1;37200;BANANAS;4951;3;4950;22;;;4957;22;;;;;4954.0;362.54297
-1;37300;PEARLS;10002;5;9995;27;;;10005;27;;;;;10003.5;399.0
-1;37300;BANANAS;4950;27;;;;;4955;7;4957;27;;;4952.5;365.60938
-1;37400;BANANAS;4950;1;4949;22;;;4956;23;;;;;4953.0;368.48828
-1;37400;PEARLS;9996;1;9995;22;;;10004;1;10005;22;;;10000.0;409.0
-1;37500;PEARLS;10002;1;9998;2;9995;29;10005;29;;;;;10003.5;409.0
-1;37500;BANANAS;4955;1;4951;2;4950;29;4957;29;;;;;4956.0;363.45312
-1;37600;PEARLS;9996;2;9995;24;;;10004;2;10005;24;;;10000.0;411.0
-1;37600;BANANAS;4950;26;;;;;4957;26;;;;;4953.5;365.59375
-1;37700;PEARLS;9996;1;9995;28;;;10004;1;10005;28;;;10000.0;411.0
-1;37700;BANANAS;4955;1;4950;29;;;4957;29;;;;;4956.0;363.58594
-1;37800;BANANAS;4950;29;;;;;4957;29;;;;;4953.5;367.32422
-1;37800;PEARLS;9996;2;9995;27;;;10004;2;10005;27;;;10000.0;411.0
-1;37900;BANANAS;4950;29;;;;;4952;2;4957;29;;;4951.0;369.02734
-1;37900;PEARLS;9996;2;9995;27;;;10000;3;10004;2;10005;27;9998.0;411.0
-1;38000;PEARLS;9995;25;;;;;10002;5;10005;25;;;9998.5;411.0
-1;38000;BANANAS;4950;25;;;;;4954;5;4956;25;;;4952.0;376.8711
-1;38100;BANANAS;4949;28;;;;;4950;1;4956;28;;;4949.5;380.3203
-1;38100;PEARLS;9995;28;;;;;10005;28;;;;;10000.0;411.0
-1;38200;BANANAS;4950;5;4949;23;;;4956;23;;;;;4953.0;383.4297
-1;38200;PEARLS;9995;23;;;;;9998;2;10005;23;;;9996.5;411.0
-1;38300;BANANAS;4949;1;4948;26;;;4955;27;;;;;4952.0;387.27344
-1;38300;PEARLS;9996;1;9995;26;;;10004;1;10005;26;;;10000.0;415.0
-1;38400;PEARLS;10002;1;9995;21;;;10005;21;;;;;10003.5;415.0
-1;38400;BANANAS;4948;21;;;;;4949;1;4955;21;;;4948.5;398.0
-1;38500;BANANAS;4954;1;4949;25;;;4955;2;4956;23;;;4954.5;401.03906
-1;38500;PEARLS;10002;1;9996;2;9995;23;10004;2;10005;23;;;10003.0;417.0
-1;38600;BANANAS;4948;27;;;;;4955;27;;;;;4951.5;403.0
-1;38600;PEARLS;10002;5;9995;27;;;10005;27;;;;;10003.5;419.0
-1;38700;BANANAS;4949;30;;;;;4955;1;4956;29;;;4952.0;403.0
-1;38700;PEARLS;9996;1;9995;29;;;10004;1;10005;29;;;10000.0;429.0
-1;38800;PEARLS;9995;27;;;;;10005;27;;;;;10000.0;429.0
-1;38800;BANANAS;4949;27;;;;;4956;27;;;;;4952.5;403.0
-1;38900;BANANAS;4950;26;;;;;4955;4;4956;1;4957;25;4952.5;403.0
-1;38900;PEARLS;9996;1;9995;25;;;10004;1;10005;25;;;10000.0;429.0
-1;39000;BANANAS;4950;29;;;;;4957;29;;;;;4953.5;403.0
-1;39000;PEARLS;9995;29;;;;;10005;29;;;;;10000.0;429.0
-1;39100;BANANAS;4949;30;;;;;4954;10;4956;30;;;4951.5;403.0
-1;39100;PEARLS;9996;1;9995;29;;;10002;10;10004;1;10005;29;9999.0;429.0
-1;39200;PEARLS;9995;24;;;;;10005;24;;;;;10000.0;429.0
-1;39200;BANANAS;4955;1;4949;24;;;4956;24;;;;;4955.5;403.0
-1;39300;BANANAS;4950;3;4949;27;;;4956;27;;;;;4953.0;405.6714
-1;39300;PEARLS;9998;3;9996;1;9995;26;10004;1;10005;26;;;10001.0;429.0
-1;39400;BANANAS;4950;2;4949;27;;;4956;29;;;;;4953.0;405.1504
-1;39400;PEARLS;9996;2;9995;27;;;10004;2;10005;27;;;10000.0;429.0
-1;39500;BANANAS;4950;22;;;;;4957;22;;;;;4953.5;404.03516
-1;39500;PEARLS;9996;2;9995;20;;;10004;2;10005;20;;;10000.0;430.0
-1;39600;PEARLS;9995;22;;;;;10005;22;;;;;10000.0;430.0
-1;39600;BANANAS;4949;22;;;;;4956;22;;;;;4952.5;405.27148
-1;39700;BANANAS;4949;20;;;;;4956;20;;;;;4952.5;405.35742
-1;39700;PEARLS;9995;20;;;;;10005;20;;;;;10000.0;432.0
-1;39800;BANANAS;4949;31;;;;;4954;3;4956;31;;;4951.5;406.29102
-1;39800;PEARLS;9996;1;9995;30;;;10002;3;10004;1;10005;30;9999.0;443.0
-1;39900;BANANAS;4950;1;4949;32;;;4956;32;;;;;4953.0;406.87305
-1;39900;PEARLS;9998;1;9996;2;9995;30;10004;2;10005;30;;;10001.0;443.0
-1;40000;PEARLS;9998;9;9996;1;9995;30;10004;1;10005;30;;;10001.0;443.0
-1;40000;BANANAS;4953;5;4950;9;4949;31;4955;1;4956;30;;;4954.0;407.81445
-1;40100;BANANAS;4949;27;;;;;4956;27;;;;;4952.5;410.6953
-1;40100;PEARLS;10002;1;9995;27;;;10005;27;;;;;10003.5;443.0
-1;40200;BANANAS;4949;23;;;;;4954;7;4956;23;;;4951.5;409.88672
-1;40200;PEARLS;9996;1;9995;22;;;10002;7;10004;1;10005;22;9999.0;445.0
-1;40300;BANANAS;4949;25;;;;;4955;1;4956;24;;;4952.0;412.30078
-1;40300;PEARLS;9996;1;9995;24;;;10000;4;10004;1;10005;24;9998.0;445.0
-1;40400;PEARLS;9996;1;9995;20;;;10002;10;10004;1;10005;20;9999.0;451.0
-1;40400;BANANAS;4948;21;;;;;4953;10;4954;1;4955;20;4950.5;420.02344
-1;40500;BANANAS;4948;24;;;;;4951;2;4955;24;;;4949.5;420.51562
-1;40500;PEARLS;9995;24;;;;;10005;24;;;;;10000.0;451.0
-1;40600;BANANAS;4948;2;4947;24;;;4954;26;;;;;4951.0;422.9297
-1;40600;PEARLS;9996;2;9995;24;;;9998;7;10004;2;10005;24;9997.0;451.0
-1;40700;BANANAS;4948;26;;;;;4955;26;;;;;4951.5;416.52734
-1;40700;PEARLS;9996;2;9995;24;;;10004;2;10005;24;;;10000.0;465.0
-1;40800;PEARLS;9995;29;;;;;10005;29;;;;;10000.0;465.0
-1;40800;BANANAS;4948;29;;;;;4955;29;;;;;4951.5;416.95703
-1;40900;PEARLS;9995;22;;;;;10005;22;;;;;10000.0;465.0
-1;40900;BANANAS;4948;22;;;;;4955;22;;;;;4951.5;415.4922
-1;41000;BANANAS;4949;5;4948;22;;;4951;4;4955;22;;;4950.0;417.96094
-1;41000;PEARLS;9998;5;9995;22;;;10005;22;;;;;10001.5;465.0
-1;41100;BANANAS;4947;23;;;;;4954;23;;;;;4950.5;425.5
-1;41100;PEARLS;9996;1;9995;22;;;10004;1;10005;22;;;10000.0;465.0
-1;41200;BANANAS;4947;26;;;;;4954;26;;;;;4950.5;426.21094
-1;41200;PEARLS;9996;1;9995;25;;;9998;8;10004;1;10005;25;9997.0;465.0
-1;41300;PEARLS;9996;1;9995;20;;;10000;6;10002;2;10004;1;9998.0;481.0
-1;41300;BANANAS;4946;21;;;;;4951;2;4953;21;;;4948.5;431.92578
-1;41400;PEARLS;9995;23;;;;;10005;23;;;;;10000.0;481.0
-1;41400;BANANAS;4947;22;;;;;4950;4;4954;23;;;4948.5;428.26562
-1;41500;BANANAS;4948;6;4947;30;;;4954;30;;;;;4951.0;426.95703
-1;41500;PEARLS;9998;5;9995;30;;;10005;30;;;;;10001.5;481.0
-1;41600;PEARLS;9996;1;9995;27;;;9998;5;10004;1;10005;27;9997.0;481.0
-1;41600;BANANAS;4948;1;4947;27;;;4954;28;;;;;4951.0;421.40234
-1;41700;PEARLS;9995;20;;;;;10005;20;;;;;10000.0;491.0
-1;41700;BANANAS;4947;20;;;;;4954;20;;;;;4950.5;422.88672
-1;41800;PEARLS;9996;2;9995;28;;;10002;3;10004;2;10005;28;9999.0;491.0
-1;41800;BANANAS;4947;30;;;;;4952;3;4954;30;;;4949.5;423.53906
-1;41900;BANANAS;4949;4;4948;30;;;4955;30;;;;;4952.0;417.98047
-1;41900;PEARLS;9998;4;9996;2;9995;28;10004;2;10005;28;;;10001.0;491.0
-1;42000;PEARLS;9996;2;9995;28;;;10004;2;10005;28;;;10000.0;491.0
-1;42000;BANANAS;4948;30;;;;;4955;30;;;;;4951.5;416.4414
-1;42100;PEARLS;9995;24;;;;;10005;24;;;;;10000.0;491.0
-1;42100;BANANAS;4948;24;;;;;4955;24;;;;;4951.5;415.9922
-1;42200;PEARLS;9995;26;;;;;10002;4;10005;26;;;9998.5;491.0
-1;42200;BANANAS;4948;26;;;;;4953;4;4955;26;;;4950.5;415.3789
-1;42300;BANANAS;4953;1;4948;24;;;4955;24;;;;;4954.0;419.9922
-1;42300;PEARLS;10000;4;9995;24;;;10005;24;;;;;10002.5;492.0
-1;42400;BANANAS;4948;25;;;;;4954;1;4955;24;;;4951.0;425.04297
-1;42400;PEARLS;9996;1;9995;24;;;9998;5;10004;1;10005;24;9997.0;493.0
-1;42500;PEARLS;9996;2;9995;22;;;10004;2;10005;22;;;10000.0;495.0
-1;42500;BANANAS;4948;23;;;;;4954;2;4955;22;;;4951.0;425.30078
-1;42600;PEARLS;9995;25;;;;;10002;10;10005;25;;;9998.5;495.0
-1;42600;BANANAS;4947;25;;;;;4952;10;4954;25;;;4949.5;429.7246
-1;42700;PEARLS;9996;2;9995;20;;;10004;2;10005;20;;;10000.0;495.0
-1;42700;BANANAS;4947;21;;;;;4954;22;;;;;4950.5;432.07812
-1;42800;BANANAS;4947;23;;;;;4954;23;;;;;4950.5;433.41602
-1;42800;PEARLS;9995;23;;;;;10005;23;;;;;10000.0;495.0
-1;42900;PEARLS;9995;22;;;;;10005;22;;;;;10000.0;495.0
-1;42900;BANANAS;4946;22;;;;;4953;22;;;;;4949.5;434.6211
-1;43000;PEARLS;10002;7;9996;1;9995;24;10004;1;10005;24;;;10003.0;495.0
-1;43000;BANANAS;4946;25;;;;;4953;25;;;;;4949.5;437.5039
-1;43100;PEARLS;9996;2;9995;23;;;10002;3;10004;2;10005;23;9999.0;509.0
-1;43100;BANANAS;4946;25;;;;;4951;3;4952;2;4953;23;4948.5;437.75195
-1;43200;BANANAS;4946;28;;;;;4953;28;;;;;4949.5;436.25586
-1;43200;PEARLS;9996;1;9995;27;;;10000;1;10004;1;10005;27;9998.0;509.0
-1;43300;PEARLS;9995;20;;;;;10005;20;;;;;10000.0;509.0
-1;43300;BANANAS;4946;20;;;;;4953;20;;;;;4949.5;438.1836
-1;43400;PEARLS;9996;2;9995;27;;;10002;8;10004;2;10005;27;9999.0;509.0
-1;43400;BANANAS;4946;28;;;;;4951;8;4952;2;4953;27;4948.5;437.70898
-1;43500;PEARLS;9996;1;9995;23;;;10002;10;10004;1;10005;23;9999.0;509.0
-1;43500;BANANAS;4946;24;;;;;4951;10;4952;1;4953;23;4948.5;438.7422
-1;43600;BANANAS;4945;21;;;;;4950;1;4952;21;;;4947.5;440.37695
-1;43600;PEARLS;9995;21;;;;;10002;1;10005;21;;;9998.5;509.0
-1;43700;PEARLS;9996;2;9995;26;;;10004;2;10005;26;;;10000.0;509.0
-1;43700;BANANAS;4946;2;4945;26;;;4952;28;;;;;4949.0;440.26758
-1;43800;PEARLS;9995;25;;;;;9998;1;10005;25;;;9996.5;509.0
-1;43800;BANANAS;4945;25;;;;;4952;25;;;;;4948.5;443.4922
-1;43900;PEARLS;9995;28;;;;;10005;28;;;;;10000.0;511.0
-1;43900;BANANAS;4945;28;;;;;4952;28;;;;;4948.5;442.8457
-1;44000;BANANAS;4945;26;;;;;4948;6;4951;26;;;4946.5;443.93164
-1;44000;PEARLS;10002;4;9996;1;9995;25;10004;1;10005;25;;;10003.0;511.0
-1;44100;PEARLS;9996;2;9995;28;;;10004;2;10005;28;;;10000.0;519.0
-1;44100;BANANAS;4945;1;4944;28;;;4951;30;;;;;4948.0;444.9922
-1;44200;PEARLS;9998;4;9996;2;9995;20;10004;2;10005;20;;;10001.0;521.0
-1;44200;BANANAS;4945;6;4944;20;;;4951;22;;;;;4948.0;448.5879
-1;44300;PEARLS;9996;1;9995;24;;;10004;1;10005;24;;;10000.0;525.0
-1;44300;BANANAS;4945;25;;;;;4952;25;;;;;4948.5;446.6582
-1;44400;BANANAS;4945;30;;;;;4952;30;;;;;4948.5;446.9414
-1;44400;PEARLS;9996;1;9995;29;;;10004;1;10005;29;;;10000.0;525.0
-1;44500;PEARLS;9996;1;9995;26;;;10004;1;10005;26;;;10000.0;525.0
-1;44500;BANANAS;4945;27;;;;;4952;27;;;;;4948.5;446.33008
-1;44600;PEARLS;9995;23;;;;;10005;23;;;;;10000.0;526.0
-1;44600;BANANAS;4945;23;;;;;4952;23;;;;;4948.5;448.37402
-1;44700;PEARLS;9996;1;9995;23;;;10002;9;10004;1;10005;23;9999.0;526.0
-1;44700;BANANAS;4945;1;4944;23;;;4949;9;4951;24;;;4947.0;449.2578
-1;44800;BANANAS;4945;2;4944;22;;;4949;10;4951;24;;;4947.0;451.24072
-1;44800;PEARLS;9996;2;9995;22;;;10002;10;10004;2;10005;22;9999.0;527.0
-1;44900;PEARLS;9995;26;;;;;10002;6;10005;26;;;9998.5;527.0
-1;44900;BANANAS;4945;26;;;;;4950;6;4952;26;;;4947.5;450.96045
-1;45000;PEARLS;9996;1;9995;26;;;10004;1;10005;26;;;10000.0;527.0
-1;45000;BANANAS;4945;27;;;;;4951;1;4952;26;;;4948.0;450.8208
-1;45100;PEARLS;9996;2;9995;25;;;9998;1;10004;2;10005;25;9997.0;527.0
-1;45100;BANANAS;4945;27;;;;;4951;2;4952;25;;;4948.0;450.9214
-1;45200;BANANAS;4945;27;;;;;4952;27;;;;;4948.5;450.38037
-1;45200;PEARLS;9995;27;;;;;10005;27;;;;;10000.0;529.0
-1;45300;BANANAS;4945;29;;;;;4946;1;4952;29;;;4945.5;450.38232
-1;45300;PEARLS;9996;1;9995;28;;;9998;1;10004;1;10005;28;9997.0;529.0
-1;45400;PEARLS;9996;1;9995;27;;;10004;1;10005;27;;;10000.0;531.0
-1;45400;BANANAS;4946;28;;;;;4952;1;4953;27;;;4949.0;453.0
-1;45500;BANANAS;4946;1;4945;23;;;4952;24;;;;;4949.0;453.0
-1;45500;PEARLS;9996;1;9995;23;;;10004;1;10005;23;;;10000.0;531.0
-1;45600;BANANAS;4951;1;4946;1;4945;24;4952;25;;;;;4951.5;453.0
-1;45600;PEARLS;9996;1;9995;24;;;10004;1;10005;24;;;10000.0;531.0
-1;45700;PEARLS;10002;4;9995;30;;;10005;30;;;;;10003.5;531.0
-1;45700;BANANAS;4945;30;;;;;4952;30;;;;;4948.5;455.23096
-1;45800;PEARLS;9996;2;9995;24;;;10004;2;10005;24;;;10000.0;539.0
-1;45800;BANANAS;4946;2;4945;24;;;4952;26;;;;;4949.0;455.24365
-1;45900;PEARLS;9996;1;9995;21;;;10002;1;10004;1;10005;21;9999.0;539.0
-1;45900;BANANAS;4946;1;4945;21;;;4950;1;4952;22;;;4948.0;455.0996
-1;46000;BANANAS;4946;27;;;;;4952;2;4953;25;;;4949.0;454.96777
-1;46000;PEARLS;9996;2;9995;25;;;9998;5;10004;2;10005;25;9997.0;539.0
-1;46100;PEARLS;9996;2;9995;25;;;10004;2;10005;25;;;10000.0;555.0
-1;46100;BANANAS;4945;27;;;;;4946;1;4952;27;;;4945.5;455.2837
-1;46200;PEARLS;9995;28;;;;;10005;28;;;;;10000.0;555.0
-1;46200;BANANAS;4945;28;;;;;4946;2;4952;28;;;4945.5;458.0
-1;46300;PEARLS;9996;1;9995;22;;;10004;1;10005;22;;;10000.0;555.0
-1;46300;BANANAS;4950;1;4945;1;4944;22;4951;23;;;;;4950.5;461.7744
-1;46400;BANANAS;4944;26;;;;;4951;26;;;;;4947.5;463.65723
-1;46400;PEARLS;9995;26;;;;;10005;26;;;;;10000.0;555.0
-1;46500;PEARLS;9996;2;9995;23;;;10002;5;10004;2;10005;23;9999.0;555.0
-1;46500;BANANAS;4944;25;;;;;4945;1;4949;5;4951;25;4944.5;463.59277
-1;46600;PEARLS;9996;2;9995;21;;;10002;2;10004;2;10005;21;9999.0;555.0
-1;46600;BANANAS;4947;4;4944;23;;;4949;2;4951;23;;;4948.0;466.33008
-1;46700;PEARLS;9996;1;9995;22;;;10004;1;10005;22;;;10000.0;555.0
-1;46700;BANANAS;4944;23;;;;;4951;23;;;;;4947.5;466.04883
-1;46800;BANANAS;4945;6;4944;22;;;4951;23;;;;;4948.0;466.71484
-1;46800;PEARLS;9998;4;9996;1;9995;22;10004;1;10005;22;;;10001.0;555.0
-1;46900;BANANAS;4950;1;4944;28;;;4951;28;;;;;4950.5;466.35645
-1;46900;PEARLS;9996;2;9995;26;;;10004;2;10005;26;;;10000.0;555.0
-1;47000;PEARLS;9995;20;;;;;10002;8;10005;20;;;9998.5;555.0
-1;47000;BANANAS;4944;20;;;;;4949;8;4951;20;;;4946.5;468.0464
-1;47100;BANANAS;4945;4;4944;24;;;4951;24;;;;;4948.0;471.6543
-1;47100;PEARLS;9998;5;9995;24;;;10005;24;;;;;10001.5;557.0
-1;47200;BANANAS;4950;1;4944;29;;;4951;29;;;;;4950.5;472.71484
-1;47200;PEARLS;9995;29;;;;;10005;29;;;;;10000.0;557.0
-1;47300;BANANAS;4944;24;;;;;4951;24;;;;;4947.5;474.53223
-1;47300;PEARLS;9995;24;;;;;10005;24;;;;;10000.0;557.0
-1;47400;PEARLS;9996;2;9995;24;;;10002;5;10004;2;10005;24;9999.0;557.0
-1;47400;BANANAS;4945;26;;;;;4950;5;4951;2;4952;24;4947.5;475.23926
-1;47500;BANANAS;4944;28;;;;;4950;28;;;;;4947.0;473.0127
-1;47500;PEARLS;9995;28;;;;;10005;28;;;;;10000.0;557.0
-1;47600;BANANAS;4943;21;;;;;4950;21;;;;;4946.5;472.63965
-1;47600;PEARLS;9995;21;;;;;10005;21;;;;;10000.0;557.0
-1;47700;BANANAS;4943;24;;;;;4949;1;4950;23;;;4946.0;473.38477
-1;47700;PEARLS;9996;1;9995;23;;;9998;1;10004;1;10005;23;9997.0;557.0
-1;47800;PEARLS;9995;22;;;;;9998;1;10002;8;10005;22;9996.5;557.0
-1;47800;BANANAS;4943;22;;;;;4948;8;4950;22;;;4945.5;473.41406
-1;47900;BANANAS;4944;1;4943;21;;;4949;21;;;;;4946.5;472.98047
-1;47900;PEARLS;9998;1;9995;21;;;10005;21;;;;;10001.5;557.0
-1;48000;BANANAS;4943;5;4942;27;;;4949;29;;;;;4946.0;472.7578
-1;48000;PEARLS;9998;3;9996;2;9995;27;10004;2;10005;27;;;10001.0;557.0
-1;48100;BANANAS;4942;29;;;;;4949;29;;;;;4945.5;472.5664
-1;48100;PEARLS;9995;29;;;;;10005;29;;;;;10000.0;557.0
-1;48200;PEARLS;9996;1;9995;25;;;10004;1;10005;25;;;10000.0;557.0
-1;48200;BANANAS;4942;26;;;;;4949;26;;;;;4945.5;471.66602
-1;48300;BANANAS;4948;1;4942;29;;;4949;29;;;;;4948.5;471.22852
-1;48300;PEARLS;9995;29;;;;;10005;29;;;;;10000.0;557.0
-1;48400;BANANAS;4947;1;4942;22;;;4949;22;;;;;4948.0;472.48047
-1;48400;PEARLS;9995;22;;;;;10005;22;;;;;10000.0;557.0
-1;48500;BANANAS;4942;25;;;;;4949;25;;;;;4945.5;474.3584
-1;48500;PEARLS;9995;25;;;;;10005;25;;;;;10000.0;557.0
-1;48600;PEARLS;9996;2;9995;20;;;10002;4;10004;2;10005;20;9999.0;557.0
-1;48600;BANANAS;4942;22;;;;;4947;4;4948;2;4949;20;4944.5;474.34082
-1;48700;BANANAS;4941;21;;;;;4948;21;;;;;4944.5;473.375
-1;48700;PEARLS;10002;2;9995;21;;;10005;21;;;;;10003.5;557.0
-1;48800;BANANAS;4943;10;4942;31;;;4949;31;;;;;4946.0;474.73633
-1;48800;PEARLS;9998;10;9996;2;9995;29;10004;2;10005;29;;;10001.0;561.0
-1;48900;BANANAS;4942;3;4941;24;;;4948;25;;;;;4945.0;473.6836
-1;48900;PEARLS;9998;3;9996;1;9995;24;10004;1;10005;24;;;10001.0;561.0
-1;49000;PEARLS;9995;29;;;;;10005;29;;;;;10000.0;561.0
-1;49000;BANANAS;4941;29;;;;;4948;29;;;;;4944.5;473.20605
-1;49100;BANANAS;4942;3;4941;26;;;4948;26;;;;;4945.0;472.13184
-1;49100;PEARLS;9998;3;9995;26;;;10005;26;;;;;10001.5;561.0
-1;49200;BANANAS;4940;25;;;;;4946;2;4947;23;;;4943.0;470.60352
-1;49200;PEARLS;9996;2;9995;23;;;10004;2;10005;23;;;10000.0;565.0
-1;49300;BANANAS;4945;1;4940;29;;;4946;29;;;;;4945.5;470.08984
-1;49300;PEARLS;9995;29;;;;;10005;29;;;;;10000.0;565.0
-1;49400;PEARLS;9998;5;9996;1;9995;21;10004;1;10005;21;;;10001.0;565.0
-1;49400;BANANAS;4945;1;4941;5;4940;22;4947;22;;;;;4946.0;473.39844
-1;49500;BANANAS;4940;23;;;;;4947;23;;;;;4943.5;475.80566
-1;49500;PEARLS;9995;23;;;;;10005;23;;;;;10000.0;565.0
-1;49600;BANANAS;4940;22;;;;;4947;22;;;;;4943.5;475.4795
-1;49600;PEARLS;9995;22;;;;;10005;22;;;;;10000.0;565.0
-1;49700;BANANAS;4941;24;;;;;4946;9;4947;2;4948;22;4943.5;476.42578
-1;49700;PEARLS;9996;2;9995;22;;;10002;8;10004;2;10005;22;9999.0;565.0
-1;49800;BANANAS;4941;22;;;;;4948;22;;;;;4944.5;476.6631
-1;49800;PEARLS;9996;1;9995;21;;;9998;1;10004;1;10005;21;9997.0;565.0
-1;49900;PEARLS;9996;2;9995;20;;;10004;2;10005;20;;;10000.0;565.0
-1;49900;BANANAS;4941;22;;;;;4946;1;4947;2;4948;20;4943.5;476.39844
-1;50000;BANANAS;4943;1;4940;30;;;4947;30;;;;;4945.0;475.2129
-1;50000;PEARLS;9996;1;9995;29;;;10004;1;10005;29;;;10000.0;565.0
-1;50100;BANANAS;4941;32;;;;;4947;2;4948;30;;;4944.0;476.18457
-1;50100;PEARLS;9996;2;9995;30;;;10004;2;10005;30;;;10000.0;565.0
-1;50200;PEARLS;9998;1;9996;2;9995;23;10004;2;10005;23;;;10001.0;567.0
-1;50200;BANANAS;4942;1;4941;25;;;4948;25;;;;;4945.0;478.0
-1;50300;PEARLS;9996;1;9995;25;;;10002;5;10004;1;10005;25;9999.0;567.0
-1;50300;BANANAS;4942;1;4941;25;;;4946;6;4948;26;;;4944.0;478.0
-1;50400;PEARLS;10002;4;9996;1;9995;29;10004;1;10005;29;;;10003.0;567.0
-1;50400;BANANAS;4942;1;4941;29;;;4948;30;;;;;4945.0;478.0
-1;50500;BANANAS;4942;1;4941;28;;;4948;29;;;;;4945.0;478.0
-1;50500;PEARLS;10002;4;9996;1;9995;28;10004;1;10005;28;;;10003.0;575.0
-1;50600;PEARLS;9996;1;9995;23;;;10004;1;10005;23;;;10000.0;583.0
-1;50600;BANANAS;4947;1;4942;24;;;4948;1;4949;23;;;4947.5;478.0
-1;50700;PEARLS;9995;25;;;;;10002;3;10005;25;;;9998.5;583.0
-1;50700;BANANAS;4941;25;;;;;4943;1;4946;3;4948;25;4942.0;480.0796
-1;50800;PEARLS;9995;24;;;;;9998;1;10002;6;10005;24;9996.5;583.0
-1;50800;BANANAS;4941;24;;;;;4946;6;4948;24;;;4943.5;482.0
-1;50900;BANANAS;4941;27;;;;;4948;27;;;;;4944.5;482.0
-1;50900;PEARLS;9996;1;9995;26;;;10004;1;10005;26;;;10000.0;585.0
-1;51000;PEARLS;9996;2;9995;22;;;10004;2;10005;22;;;10000.0;585.0
-1;51000;BANANAS;4942;2;4941;22;;;4948;24;;;;;4945.0;482.0
-1;51100;PEARLS;9996;1;9995;26;;;10004;1;10005;26;;;10000.0;585.0
-1;51100;BANANAS;4941;27;;;;;4948;27;;;;;4944.5;482.0
-1;51200;PEARLS;9996;2;9995;30;;;10004;2;10005;30;;;10000.0;585.0
-1;51200;BANANAS;4941;2;4940;30;;;4947;32;;;;;4944.0;482.0
-1;51300;PEARLS;9996;2;9995;23;;;10004;2;10005;23;;;10000.0;585.0
-1;51300;BANANAS;4941;25;;;;;4947;25;;;;;4944.0;482.0
-1;51400;BANANAS;4941;23;;;;;4948;23;;;;;4944.5;482.0
-1;51400;PEARLS;9995;23;;;;;10005;23;;;;;10000.0;585.0
-1;51500;PEARLS;9996;2;9995;20;;;10004;2;10005;20;;;10000.0;585.0
-1;51500;BANANAS;4941;22;;;;;4948;22;;;;;4944.5;482.0
-1;51600;PEARLS;9996;2;9995;29;;;10004;2;10005;29;;;10000.0;585.0
-1;51600;BANANAS;4941;31;;;;;4947;2;4948;29;;;4944.0;482.0
-1;51700;PEARLS;9996;2;9995;30;;;10002;5;10004;2;10005;30;9999.0;585.0
-1;51700;BANANAS;4941;32;;;;;4946;5;4947;2;4948;30;4943.5;482.0
-1;51800;BANANAS;4942;2;4941;24;;;4948;26;;;;;4945.0;482.0
-1;51800;PEARLS;9996;2;9995;24;;;10004;2;10005;24;;;10000.0;585.0
-1;51900;PEARLS;9996;1;9995;26;;;10002;6;10004;1;10005;26;9999.0;585.0
-1;51900;BANANAS;4941;27;;;;;4946;6;4948;27;;;4943.5;482.0
-1;52000;PEARLS;10000;3;9996;1;9995;23;10004;1;10005;23;;;10002.0;585.0
-1;52000;BANANAS;4941;24;;;;;4947;1;4948;23;;;4944.0;482.0
-1;52100;PEARLS;9995;30;;;;;10005;30;;;;;10000.0;585.0
-1;52100;BANANAS;4940;30;;;;;4947;30;;;;;4943.5;482.0
-1;52200;BANANAS;4941;28;;;;;4946;3;4948;28;;;4943.5;482.0
-1;52200;PEARLS;9995;28;;;;;10002;3;10005;28;;;9998.5;585.0
-1;52300;PEARLS;9995;21;;;;;10002;3;10005;21;;;9998.5;585.0
-1;52300;BANANAS;4940;21;;;;;4945;2;4947;21;;;4942.5;482.0
-1;52400;PEARLS;10000;6;9996;2;9995;22;10004;2;10005;22;;;10002.0;585.0
-1;52400;BANANAS;4941;2;4940;22;;;4947;24;;;;;4944.0;482.0
-1;52500;PEARLS;9996;1;9995;30;;;10004;1;10005;30;;;10000.0;585.0
-1;52500;BANANAS;4941;1;4940;30;;;4947;31;;;;;4944.0;482.0
-1;52600;BANANAS;4941;24;;;;;4947;1;4948;23;;;4944.0;482.0
-1;52600;PEARLS;9996;1;9995;23;;;9998;2;10004;1;10005;23;9997.0;585.0
-1;52700;PEARLS;9995;29;;;;;9998;1;10005;29;;;9996.5;589.0
-1;52700;BANANAS;4941;29;;;;;4948;29;;;;;4944.5;482.0
-1;52800;PEARLS;9995;24;;;;;9998;1;10005;24;;;9996.5;595.0
-1;52800;BANANAS;4941;24;;;;;4948;24;;;;;4944.5;484.82617
-1;52900;PEARLS;9996;1;9995;30;;;10004;1;10005;30;;;10000.0;597.0
-1;52900;BANANAS;4941;31;;;;;4947;1;4948;30;;;4944.0;484.1045
-1;53000;BANANAS;4941;28;;;;;4948;28;;;;;4944.5;485.44824
-1;53000;PEARLS;9995;28;;;;;10005;28;;;;;10000.0;597.0
-1;53100;PEARLS;9996;1;9995;30;;;10004;1;10005;30;;;10000.0;597.0
-1;53100;BANANAS;4943;31;;;;;4949;1;4950;30;;;4946.0;488.54688
-1;53200;PEARLS;9996;1;9995;30;;;9998;1;10004;1;10005;30;9997.0;597.0
-1;53200;BANANAS;4943;31;;;;;4950;31;;;;;4946.5;488.73145
-1;53300;PEARLS;9996;1;9995;23;;;10004;1;10005;23;;;10000.0;599.0
-1;53300;BANANAS;4943;24;;;;;4950;24;;;;;4946.5;488.5791
-1;53400;BANANAS;4942;23;;;;;4943;1;4949;23;;;4942.5;487.41992
-1;53400;PEARLS;9995;23;;;;;10005;23;;;;;10000.0;599.0
-1;53500;PEARLS;9996;1;9995;25;;;10002;8;10004;1;10005;25;9999.0;599.0
-1;53500;BANANAS;4943;26;;;;;4948;8;4949;1;4950;25;4945.5;491.41992
-1;53600;PEARLS;9998;2;9995;23;;;10005;23;;;;;10001.5;599.0
-1;53600;BANANAS;4943;1;4942;23;;;4949;23;;;;;4946.0;490.27344
-1;53700;PEARLS;9996;2;9995;25;;;10002;10;10004;2;10005;25;9999.0;603.0
-1;53700;BANANAS;4943;27;;;;;4948;10;4949;2;4950;25;4945.5;491.41797
-1;53800;BANANAS;4944;2;4943;23;;;4948;6;4950;25;;;4946.0;493.32422
-1;53800;PEARLS;9996;2;9995;23;;;9998;13;10002;6;10004;2;9997.0;603.0
-1;53900;PEARLS;9995;28;;;;;10005;28;;;;;10000.0;603.0
-1;53900;BANANAS;4949;1;4948;4;4944;28;4951;28;;;;;4950.0;494.6504
-1;54000;PEARLS;9996;1;9995;21;;;10004;1;10005;21;;;10000.0;603.0
-1;54000;BANANAS;4945;1;4944;21;;;4951;22;;;;;4948.0;498.26562
-1;54100;PEARLS;9995;23;;;;;10005;23;;;;;10000.0;603.0
-1;54100;BANANAS;4944;23;;;;;4951;23;;;;;4947.5;499.24902
-1;54200;BANANAS;4943;21;;;;;4950;21;;;;;4946.5;500.57422
-1;54200;PEARLS;9996;1;9995;20;;;10004;1;10005;20;;;10000.0;603.0
-1;54300;BANANAS;4945;1;4944;25;;;4951;25;;;;;4948.0;499.44336
-1;54300;PEARLS;9998;1;9995;25;;;10005;25;;;;;10001.5;603.0
-1;54400;PEARLS;9996;2;9995;22;;;10004;2;10005;22;;;10000.0;603.0
-1;54400;BANANAS;4944;23;;;;;4951;24;;;;;4947.5;499.3213
-1;54500;BANANAS;4944;29;;;;;4945;1;4949;9;4951;29;4944.5;499.0371
-1;54500;PEARLS;9995;29;;;;;10002;9;10005;29;;;9998.5;603.0
-1;54600;BANANAS;4945;4;4944;28;;;4950;2;4951;26;;;4947.5;501.84424
-1;54600;PEARLS;9998;4;9996;2;9995;26;10004;2;10005;26;;;10001.0;603.0
-1;54700;PEARLS;9998;2;9995;21;;;10005;21;;;;;10001.5;603.0
-1;54700;BANANAS;4944;3;4943;21;;;4950;21;;;;;4947.0;502.18945
-1;54800;PEARLS;9996;1;9995;23;;;10004;1;10005;23;;;10000.0;603.0
-1;54800;BANANAS;4943;24;;;;;4950;24;;;;;4946.5;502.59326
-1;54900;PEARLS;9996;1;9995;28;;;10004;1;10005;28;;;10000.0;603.0
-1;54900;BANANAS;4943;1;4942;28;;;4949;29;;;;;4946.0;503.27588
-1;55000;BANANAS;4943;27;;;;;4949;27;;;;;4946.0;502.97607
-1;55000;PEARLS;9995;27;;;;;9998;5;10005;27;;;9996.5;603.0
-1;55100;PEARLS;10002;9;9996;2;9995;29;10004;2;10005;29;;;10003.0;603.0
-1;55100;BANANAS;4943;31;;;;;4950;31;;;;;4946.5;503.17285
-1;55200;PEARLS;9995;25;;;;;10005;25;;;;;10000.0;621.0
-1;55200;BANANAS;4943;25;;;;;4950;25;;;;;4946.5;502.79883
-1;55300;PEARLS;9996;1;9995;24;;;10002;7;10004;1;10005;24;9999.0;621.0
-1;55300;BANANAS;4944;1;4943;24;;;4948;7;4950;25;;;4946.0;502.125
-1;55400;BANANAS;4944;1;4943;22;;;4950;23;;;;;4947.0;502.4453
-1;55400;PEARLS;9996;1;9995;22;;;10004;1;10005;22;;;10000.0;621.0
-1;55500;PEARLS;9995;26;;;;;10005;26;;;;;10000.0;621.0
-1;55500;BANANAS;4947;2;4943;26;;;4949;26;;;;;4948.0;503.9873
-1;55600;PEARLS;9998;7;9996;1;9995;27;10004;1;10005;27;;;10001.0;621.0
-1;55600;BANANAS;4943;7;4942;28;;;4949;28;;;;;4946.0;507.34375
-1;55700;BANANAS;4943;21;;;;;4948;7;4950;21;;;4945.5;505.4961
-1;55700;PEARLS;9995;21;;;;;10002;7;10005;21;;;9998.5;621.0
-1;55800;BANANAS;4943;23;;;;;4950;23;;;;;4946.5;503.95703
-1;55800;PEARLS;9996;2;9995;21;;;10004;2;10005;21;;;10000.0;621.0
-1;55900;BANANAS;4943;24;;;;;4950;24;;;;;4946.5;504.78125
-1;55900;PEARLS;9995;24;;;;;9998;11;10005;24;;;9996.5;621.0
-1;56000;PEARLS;9996;2;9995;20;;;10004;2;10005;20;;;10000.0;639.0
-1;56000;BANANAS;4943;22;;;;;4950;22;;;;;4946.5;506.84766
-1;56100;BANANAS;4943;30;;;;;4950;30;;;;;4946.5;504.15234
-1;56100;PEARLS;9996;1;9995;29;;;10004;1;10005;29;;;10000.0;639.0
-1;56200;BANANAS;4943;28;;;;;4950;28;;;;;4946.5;504.03125
-1;56200;PEARLS;9996;2;9995;26;;;10004;2;10005;26;;;10000.0;639.0
-1;56300;BANANAS;4943;23;;;;;4948;8;4950;23;;;4945.5;506.4453
-1;56300;PEARLS;9995;23;;;;;10002;8;10005;23;;;9998.5;639.0
-1;56400;PEARLS;9998;6;9995;23;;;10005;23;;;;;10001.5;639.0
-1;56400;BANANAS;4944;6;4943;23;;;4950;23;;;;;4947.0;508.32812
-1;56500;BANANAS;4943;25;;;;;4950;25;;;;;4946.5;507.5
-1;56500;PEARLS;9995;25;;;;;10005;25;;;;;10000.0;639.0
-1;56600;BANANAS;4943;27;;;;;4949;27;;;;;4946.0;509.20312
-1;56600;PEARLS;9996;1;9995;26;;;10004;1;10005;26;;;10000.0;639.0
-1;56700;BANANAS;4943;24;;;;;4950;25;;;;;4946.5;507.5
-1;56700;PEARLS;9995;25;;;;;10005;25;;;;;10000.0;647.0
-1;56800;PEARLS;9995;24;;;;;10005;24;;;;;10000.0;647.0
-1;56800;BANANAS;4943;23;;;;;4950;24;;;;;4946.5;508.33203
-1;56900;BANANAS;4944;5;4943;20;;;4950;20;;;;;4947.0;507.3125
-1;56900;PEARLS;9998;5;9995;20;;;10005;20;;;;;10001.5;647.0
-1;57000;BANANAS;4943;25;;;;;4949;25;;;;;4946.0;508.88672
-1;57000;PEARLS;9995;25;;;;;10005;25;;;;;10000.0;647.0
-1;57100;BANANAS;4943;27;;;;;4949;2;4950;25;;;4946.0;514.91797
-1;57100;PEARLS;9996;2;9995;25;;;10004;2;10005;25;;;10000.0;649.0
-1;57200;PEARLS;9995;26;;;;;10005;26;;;;;10000.0;649.0
-1;57200;BANANAS;4943;26;;;;;4946;2;4950;26;;;4944.5;514.7373
-1;57300;BANANAS;4943;25;;;;;4950;25;;;;;4946.5;514.49756
-1;57300;PEARLS;10002;1;9995;25;;;10005;25;;;;;10003.5;649.0
-1;57400;BANANAS;4944;1;4943;26;;;4948;2;4950;28;;;4946.0;514.1929
-1;57400;PEARLS;9996;2;9995;26;;;10002;2;10004;2;10005;26;9999.0;651.0
-1;57500;BANANAS;4944;31;;;;;4949;1;4951;31;;;4946.5;513.3164
-1;57500;PEARLS;9996;1;9995;30;;;10002;1;10004;1;10005;30;9999.0;651.0
-1;57600;PEARLS;9995;29;;;;;9998;1;10005;29;;;9996.5;651.0
-1;57600;BANANAS;4944;29;;;;;4951;29;;;;;4947.5;513.1177
-1;57700;BANANAS;4945;2;4944;28;;;4949;2;4951;30;;;4947.0;513.18555
-1;57700;PEARLS;9996;2;9995;28;;;10002;2;10004;2;10005;28;9999.0;653.0
-1;57800;BANANAS;4945;2;4944;26;;;4951;28;;;;;4948.0;513.08057
-1;57800;PEARLS;9996;2;9995;26;;;10004;2;10005;26;;;10000.0;653.0
-1;57900;BANANAS;4944;32;;;;;4950;2;4951;30;;;4947.0;513.76074
-1;57900;PEARLS;10002;1;9996;2;9995;30;10004;2;10005;30;;;10003.0;653.0
-1;58000;PEARLS;9998;7;9995;23;;;10005;23;;;;;10001.5;655.0
-1;58000;BANANAS;4945;6;4944;23;;;4951;23;;;;;4948.0;513.9082
-1;58100;BANANAS;4943;23;;;;;4950;24;;;;;4946.5;514.1836
-1;58100;PEARLS;9996;1;9995;23;;;10004;1;10005;23;;;10000.0;655.0
-1;58200;BANANAS;4944;26;;;;;4950;2;4951;24;;;4947.0;513.78125
-1;58200;PEARLS;9996;2;9995;24;;;10004;2;10005;24;;;10000.0;655.0
-1;58300;BANANAS;4944;23;;;;;4951;23;;;;;4947.5;513.70264
-1;58300;PEARLS;9996;2;9995;21;;;9998;1;10004;2;10005;21;9997.0;655.0
-1;58400;PEARLS;9995;21;;;;;10000;4;10005;21;;;9997.5;657.0
-1;58400;BANANAS;4944;21;;;;;4951;21;;;;;4947.5;513.15137
-1;58500;BANANAS;4945;30;;;;;4951;30;;;;;4948.0;513.0127
-1;58500;PEARLS;9996;1;9995;29;;;9998;1;10004;1;10005;29;9997.0;657.0
-1;58600;BANANAS;4945;4;4944;27;;;4951;29;;;;;4948.0;513.25244
-1;58600;PEARLS;9998;2;9996;2;9995;27;10004;2;10005;27;;;10001.0;659.0
-1;58700;BANANAS;4945;1;4944;24;;;4951;25;;;;;4948.0;513.16797
-1;58700;PEARLS;9996;1;9995;24;;;10004;1;10005;24;;;10000.0;659.0
-1;58800;BANANAS;4945;5;4944;24;;;4951;24;;;;;4948.0;513.47266
-1;58800;PEARLS;9998;4;9996;2;9995;22;10004;2;10005;22;;;10001.0;659.0
-1;58900;PEARLS;9995;22;;;;;9998;1;10005;22;;;9996.5;659.0
-1;58900;BANANAS;4944;22;;;;;4951;22;;;;;4947.5;513.31885
-1;59000;PEARLS;9995;26;;;;;10005;26;;;;;10000.0;661.0
-1;59000;BANANAS;4945;9;4944;26;;;4951;26;;;;;4948.0;513.105
-1;59100;BANANAS;4944;30;;;;;4945;12;4951;30;;;4944.5;513.18164
-1;59100;PEARLS;9995;30;;;;;9998;2;10005;30;;;9996.5;661.0
-1;59200;PEARLS;10000;3;9996;2;9995;29;10004;2;10005;29;;;10002.0;665.0
-1;59200;BANANAS;4949;1;4944;31;;;4951;31;;;;;4950.0;544.5742
-1;59300;PEARLS;9996;2;9995;28;;;9998;13;10004;2;10005;28;9997.0;665.0
-1;59300;BANANAS;4944;30;;;;;4950;2;4951;28;;;4947.0;541.95703
-1;59400;PEARLS;9995;28;;;;;10005;28;;;;;10000.0;669.0
-1;59400;BANANAS;4944;28;;;;;4949;3;4951;28;;;4946.5;544.1211
-1;59500;BANANAS;4945;1;4944;29;;;4950;29;;;;;4947.5;539.84375
-1;59500;PEARLS;9998;1;9996;2;9995;27;10004;2;10005;27;;;10001.0;669.0
-1;59600;PEARLS;9995;25;;;;;10005;25;;;;;10000.0;669.0
-1;59600;BANANAS;4944;25;;;;;4951;25;;;;;4947.5;544.4375
-1;59700;PEARLS;9998;8;9996;2;9995;26;10004;2;10005;26;;;10001.0;669.0
-1;59700;BANANAS;4945;10;4944;26;;;4951;28;;;;;4948.0;548.96094
-1;59800;PEARLS;9995;20;;;;;10005;20;;;;;10000.0;669.0
-1;59800;BANANAS;4944;20;;;;;4951;20;;;;;4947.5;549.4375
-1;59900;BANANAS;4946;1;4945;24;;;4951;2;4952;22;;;4948.5;551.7383
-1;59900;PEARLS;10002;1;9998;1;9996;2;10004;2;10005;22;;;10003.0;669.0
-1;60000;PEARLS;9998;4;9996;2;9995;29;10004;2;10005;29;;;10001.0;673.0
-1;60000;BANANAS;4946;4;4945;31;;;4952;31;;;;;4949.0;557.5
-1;60100;PEARLS;9995;25;;;;;9998;1;10005;25;;;9996.5;673.0
-1;60100;BANANAS;4945;25;;;;;4952;25;;;;;4948.5;559.22656
-1;60200;PEARLS;10000;3;9996;1;9995;21;10004;1;10005;21;;;10002.0;675.0
-1;60200;BANANAS;4946;1;4945;21;;;4952;22;;;;;4949.0;559.0547
-1;60300;PEARLS;9996;2;9995;22;;;10004;2;10005;22;;;10000.0;675.0
-1;60300;BANANAS;4945;24;;;;;4952;24;;;;;4948.5;557.5547
-1;60400;BANANAS;4946;1;4945;24;;;4952;25;;;;;4949.0;557.78906
-1;60400;PEARLS;10000;4;9996;1;9995;24;10004;1;10005;24;;;10002.0;675.0
-1;60500;PEARLS;9996;2;9995;20;;;10004;2;10005;20;;;10000.0;675.0
-1;60500;BANANAS;4946;2;4945;20;;;4952;22;;;;;4949.0;558.5547
-1;60600;PEARLS;9995;27;;;;;10002;3;10005;27;;;9998.5;676.0
-1;60600;BANANAS;4945;27;;;;;4950;3;4952;27;;;4947.5;560.6094
-1;60700;PEARLS;9996;2;9995;29;;;10002;8;10004;2;10005;29;9999.0;676.0
-1;60700;BANANAS;4946;31;;;;;4951;8;4952;2;4953;29;4948.5;562.6406
-1;60800;BANANAS;4945;25;;;;;4952;25;;;;;4948.5;556.15234
-1;60800;PEARLS;9996;1;9995;24;;;10004;1;10005;24;;;10000.0;676.0
-1;60900;PEARLS;9996;2;9995;23;;;10004;2;10005;23;;;10000.0;676.0
-1;60900;BANANAS;4945;2;4944;23;;;4951;25;;;;;4948.0;552.0117
-1;61000;PEARLS;9996;1;9995;30;;;10004;1;10005;30;;;10000.0;676.0
-1;61000;BANANAS;4944;31;;;;;4951;31;;;;;4947.5;547.9375
-1;61100;PEARLS;9996;2;9995;30;;;10004;2;10005;30;;;10000.0;677.0
-1;61100;BANANAS;4944;32;;;;;4945;2;4947;3;4951;32;4944.5;548.85547
-1;61200;BANANAS;4944;30;;;;;4951;30;;;;;4947.5;551.03516
-1;61200;PEARLS;9995;30;;;;;10005;30;;;;;10000.0;677.0
-1;61300;PEARLS;9996;1;9995;30;;;10004;1;10005;30;;;10000.0;677.0
-1;61300;BANANAS;4944;31;;;;;4950;31;;;;;4947.0;548.8906
-1;61400;PEARLS;10002;2;9996;2;9995;26;10004;2;10005;26;;;10003.0;677.0
-1;61400;BANANAS;4944;28;;;;;4951;28;;;;;4947.5;554.27344
-1;61500;PEARLS;10002;6;9995;29;;;10005;29;;;;;10003.5;681.0
-1;61500;BANANAS;4945;29;;;;;4952;29;;;;;4948.5;562.3906
-1;61600;BANANAS;4945;26;;;;;4952;26;;;;;4948.5;562.7461
-1;61600;PEARLS;9996;1;9995;25;;;10004;1;10005;25;;;10000.0;693.0
-1;61700;PEARLS;9996;1;9995;22;;;10004;1;10005;22;;;10000.0;693.0
-1;61700;BANANAS;4950;1;4945;23;;;4951;1;4952;22;;;4950.5;559.8594
-1;61800;PEARLS;9995;29;;;;;10005;29;;;;;10000.0;693.0
-1;61800;BANANAS;4944;29;;;;;4951;29;;;;;4947.5;558.58594
-1;61900;PEARLS;9996;2;9995;23;;;9998;1;10004;2;10005;23;9997.0;693.0
-1;61900;BANANAS;4945;2;4944;23;;;4951;25;;;;;4948.0;558.9961
-1;62000;BANANAS;4944;23;;;;;4950;1;4951;22;;;4947.0;552.7422
-1;62000;PEARLS;9996;1;9995;22;;;10004;1;10005;22;;;10000.0;695.0
-1;62100;PEARLS;9996;1;9995;24;;;10004;1;10005;24;;;10000.0;695.0
-1;62100;BANANAS;4944;25;;;;;4950;1;4951;24;;;4947.0;553.97656
-1;62200;PEARLS;9998;9;9995;26;;;10005;26;;;;;10001.5;695.0
-1;62200;BANANAS;4944;8;4943;26;;;4950;26;;;;;4947.0;550.27344
-1;62300;PEARLS;9996;1;9995;21;;;10004;1;10005;21;;;10000.0;695.0
-1;62300;BANANAS;4944;22;;;;;4951;22;;;;;4947.5;555.89453
-1;62400;BANANAS;4944;26;;;;;4951;26;;;;;4947.5;553.66016
-1;62400;PEARLS;9995;26;;;;;10005;26;;;;;10000.0;695.0
-1;62500;PEARLS;9996;2;9995;27;;;10004;2;10005;27;;;10000.0;695.0
-1;62500;BANANAS;4944;29;;;;;4950;2;4951;27;;;4947.0;552.91406
-1;62600;PEARLS;9996;2;9995;29;;;10004;2;10005;29;;;10000.0;695.0
-1;62600;BANANAS;4943;31;;;;;4950;31;;;;;4946.5;549.3203
-1;62700;PEARLS;9995;25;;;;;10002;4;10005;25;;;9998.5;695.0
-1;62700;BANANAS;4944;25;;;;;4949;4;4951;25;;;4946.5;552.53906
-1;62800;BANANAS;4943;28;;;;;4950;28;;;;;4946.5;547.5625
-1;62800;PEARLS;9996;1;9995;27;;;10004;1;10005;27;;;10000.0;695.0
-1;62900;PEARLS;9996;1;9995;21;;;10004;1;10005;21;;;10000.0;703.0
-1;62900;BANANAS;4943;22;;;;;4950;22;;;;;4946.5;547.6836
-1;63000;PEARLS;9996;2;9995;25;;;10004;2;10005;25;;;10000.0;704.0
-1;63000;BANANAS;4943;27;;;;;4950;27;;;;;4946.5;546.95703
-1;63100;BANANAS;4943;20;;;;;4948;1;4950;20;;;4945.5;555.25977
-1;63100;PEARLS;9995;20;;;;;10002;1;10005;20;;;9998.5;704.0
-1;63200;BANANAS;4943;24;;;;;4950;24;;;;;4946.5;555.4414
-1;63200;PEARLS;9995;24;;;;;10005;24;;;;;10000.0;704.0
-1;63300;BANANAS;4943;28;;;;;4950;28;;;;;4946.5;555.584
-1;63300;PEARLS;9996;2;9995;26;;;10004;2;10005;26;;;10000.0;704.0
-1;63400;PEARLS;9996;1;9995;30;;;10002;9;10004;1;10005;30;9999.0;704.0
-1;63400;BANANAS;4943;31;;;;;4948;9;4950;31;;;4945.5;554.81055
-1;63500;PEARLS;9996;2;9995;30;;;9998;1;10002;3;10004;2;9997.0;704.0
-1;63500;BANANAS;4943;32;;;;;4948;3;4950;32;;;4945.5;554.5957
-1;63600;BANANAS;4943;31;;;;;4948;6;4950;31;;;4945.5;554.5
-1;63600;PEARLS;9996;1;9995;30;;;10002;6;10004;1;10005;30;9999.0;706.0
-1;63700;PEARLS;9998;8;9996;2;9995;22;10004;2;10005;22;;;10001.0;706.0
-1;63700;BANANAS;4944;8;4943;24;;;4949;2;4950;22;;;4946.5;555.7578
-1;63800;PEARLS;9996;2;9995;26;;;10004;2;10005;26;;;10000.0;708.0
-1;63800;BANANAS;4943;1;4942;26;;;4949;28;;;;;4946.0;558.65234
-1;63900;PEARLS;9995;25;;;;;10002;3;10005;25;;;9998.5;708.0
-1;63900;BANANAS;4942;24;;;;;4947;3;4949;25;;;4944.5;560.1328
-1;64000;BANANAS;4942;31;;;;;4948;1;4949;30;;;4945.0;566.58984
-1;64000;PEARLS;9996;1;9995;30;;;10004;1;10005;30;;;10000.0;708.0
-1;64100;PEARLS;9995;29;;;;;10005;29;;;;;10000.0;708.0
-1;64100;BANANAS;4941;29;;;;;4948;29;;;;;4944.5;574.03516
-1;64200;PEARLS;9996;1;9995;23;;;10002;1;10004;1;10005;23;9999.0;708.0
-1;64200;BANANAS;4941;24;;;;;4946;1;4948;24;;;4943.5;575.1289
-1;64300;PEARLS;9995;29;;;;;10005;29;;;;;10000.0;708.0
-1;64300;BANANAS;4941;29;;;;;4948;29;;;;;4944.5;577.0625
-1;64400;BANANAS;4940;25;;;;;4947;26;;;;;4943.5;583.5625
-1;64400;PEARLS;9996;1;9995;25;;;10004;1;10005;25;;;10000.0;708.0
-1;64500;PEARLS;9998;1;9996;1;9995;30;10004;1;10005;30;;;10001.0;708.0
-1;64500;BANANAS;4942;1;4941;31;;;4947;1;4948;30;;;4944.5;581.35156
-1;64600;PEARLS;9996;1;9995;23;;;10004;1;10005;23;;;10000.0;708.0
-1;64600;BANANAS;4941;23;;;;;4948;24;;;;;4944.5;577.1328
-1;64700;BANANAS;4941;30;;;;;4946;1;4947;2;4948;28;4943.5;580.9297
-1;64700;PEARLS;9996;2;9995;28;;;10002;1;10004;2;10005;28;9999.0;708.0
-1;64800;BANANAS;4941;2;4940;26;;;4945;4;4947;28;;;4943.0;584.3906
-1;64800;PEARLS;9996;2;9995;26;;;10002;4;10004;2;10005;26;9999.0;708.0
-1;64900;BANANAS;4940;30;;;;;4941;1;4947;30;;;4940.5;588.2656
-1;64900;PEARLS;9995;30;;;;;10005;30;;;;;10000.0;708.0
-1;65000;PEARLS;9995;22;;;;;10002;3;10005;22;;;9998.5;708.0
-1;65000;BANANAS;4941;22;;;;;4946;3;4948;22;;;4943.5;584.6875
-1;65100;BANANAS;4942;9;4941;31;;;4947;31;;;;;4944.5;586.22656
-1;65100;PEARLS;9998;9;9996;2;9995;29;10004;2;10005;29;;;10001.0;708.0
-1;65200;BANANAS;4940;25;;;;;4947;25;;;;;4943.5;593.5625
-1;65200;PEARLS;10002;5;9995;25;;;10005;25;;;;;10003.5;708.0
-1;65300;BANANAS;4945;1;4941;3;4940;31;4946;2;4947;29;;;4945.5;597.6719
-1;65300;PEARLS;10002;1;9998;3;9996;2;10004;2;10005;29;;;10003.0;718.0
-1;65400;PEARLS;9996;1;9995;24;;;9998;1;10004;1;10005;24;9997.0;720.0
-1;65400;BANANAS;4940;25;;;;;4947;25;;;;;4943.5;592.6094
-1;65500;BANANAS;4941;2;4940;25;;;4945;6;4947;27;;;4943.0;589.59375
-1;65500;PEARLS;9996;2;9995;25;;;10002;6;10004;2;10005;25;9999.0;722.0
-1;65600;BANANAS;4941;8;4940;28;;;4947;28;;;;;4944.0;589.2969
-1;65600;PEARLS;9998;8;9995;28;;;10005;28;;;;;10001.5;722.0
-1;65700;BANANAS;4940;21;;;;;4947;21;;;;;4943.5;587.8906
-1;65700;PEARLS;9995;21;;;;;10005;21;;;;;10000.0;722.0
-1;65800;PEARLS;9995;29;;;;;10005;29;;;;;10000.0;722.0
-1;65800;BANANAS;4940;29;;;;;4947;29;;;;;4943.5;596.2422
-1;65900;BANANAS;4940;27;;;;;4946;1;4947;26;;;4943.0;600.5703
-1;65900;PEARLS;9996;1;9995;26;;;10004;1;10005;26;;;10000.0;722.0
-1;66000;BANANAS;4941;1;4940;20;;;4947;21;;;;;4944.0;590.6875
-1;66000;PEARLS;9996;1;9995;20;;;9998;2;10004;1;10005;20;9997.0;722.0
-1;66100;BANANAS;4940;22;;;;;4947;22;;;;;4943.5;598.7578
-1;66100;PEARLS;9995;22;;;;;10005;22;;;;;10000.0;730.0
-1;66200;PEARLS;9995;28;;;;;10005;28;;;;;10000.0;732.0
-1;66200;BANANAS;4940;28;;;;;4947;28;;;;;4943.5;599.1875
-1;66300;BANANAS;4940;25;;;;;4947;25;;;;;4943.5;594.90625
-1;66300;PEARLS;9995;25;;;;;9998;1;10005;25;;;9996.5;732.0
-1;66400;BANANAS;4940;29;;;;;4945;6;4947;29;;;4942.5;599.78125
-1;66400;PEARLS;9996;1;9995;28;;;10002;6;10004;1;10005;28;9999.0;732.0
-1;66500;BANANAS;4940;24;;;;;4941;1;4947;24;;;4940.5;597.5703
-1;66500;PEARLS;9996;2;9995;22;;;10004;2;10005;22;;;10000.0;732.0
-1;66600;PEARLS;9995;25;;;;;10002;8;10005;25;;;9998.5;732.0
-1;66600;BANANAS;4942;1;4939;25;;;4944;8;4946;25;;;4943.0;618.0332
-1;66700;BANANAS;4942;6;4940;1;4939;30;4946;30;;;;;4944.0;618.6035
-1;66700;PEARLS;9998;1;9995;30;;;10005;30;;;;;10001.5;732.0
-1;66800;BANANAS;4939;24;;;;;4945;2;4946;22;;;4942.0;619.82227
-1;66800;PEARLS;9996;2;9995;22;;;9998;1;10004;2;10005;22;9997.0;732.0
-1;66900;BANANAS;4938;29;;;;;4945;29;;;;;4941.5;621.1465
-1;66900;PEARLS;9996;1;9995;28;;;10004;1;10005;28;;;10000.0;732.0
-1;67000;PEARLS;10002;4;9996;2;9995;30;10004;2;10005;30;;;10003.0;732.0
-1;67000;BANANAS;4938;32;;;;;4939;5;4944;2;4945;30;4938.5;622.2295
-1;67100;BANANAS;4938;21;;;;;4943;4;4944;1;4945;21;4940.5;633.08105
-1;67100;PEARLS;9996;1;9995;21;;;10002;4;10004;1;10005;21;9999.0;740.0
-1;67200;BANANAS;4937;30;;;;;4943;30;;;;;4940.0;631.0508
-1;67200;PEARLS;9996;2;9995;28;;;10004;2;10005;28;;;10000.0;744.0
-1;67300;BANANAS;4937;26;;;;;4942;3;4944;26;;;4939.5;631.60645
-1;67300;PEARLS;9996;1;9995;25;;;10002;3;10004;1;10005;25;9999.0;744.0
-1;67400;PEARLS;9996;1;9995;29;;;9998;5;10004;1;10005;29;9997.0;744.0
-1;67400;BANANAS;4937;1;4936;29;;;4943;30;;;;;4940.0;647.2344
-1;67500;PEARLS;9996;1;9995;28;;;10004;1;10005;28;;;10000.0;744.0
-1;67500;BANANAS;4937;29;;;;;4944;29;;;;;4940.5;659.25
-1;67600;BANANAS;4937;31;;;;;4944;31;;;;;4940.5;661.0781
-1;67600;PEARLS;9996;1;9995;30;;;10004;1;10005;30;;;10000.0;744.0
-1;67700;BANANAS;4938;2;4937;21;;;4944;21;;;;;4941.0;662.66406
-1;67700;PEARLS;10002;1;9998;2;9995;21;10005;21;;;;;10003.5;744.0
-1;67800;BANANAS;4938;23;;;;;4944;2;4945;21;;;4941.0;671.78125
-1;67800;PEARLS;9996;2;9995;21;;;9998;1;10004;2;10005;21;9997.0;746.0
-1;67900;PEARLS;9996;2;9995;20;;;10002;4;10004;2;10005;20;9999.0;748.0
-1;67900;BANANAS;4938;22;;;;;4942;4;4944;22;;;4940.0;668.9219
-1;68000;PEARLS;9995;30;;;;;10005;30;;;;;10000.0;748.0
-1;68000;BANANAS;4938;30;;;;;4945;30;;;;;4941.5;675.59375
-1;68100;BANANAS;4937;26;;;;;4944;26;;;;;4940.5;665.0469
-1;68100;PEARLS;9995;26;;;;;10005;26;;;;;10000.0;748.0
-1;68200;PEARLS;9996;2;9995;24;;;10004;2;10005;24;;;10000.0;748.0
-1;68200;BANANAS;4938;26;;;;;4941;5;4944;2;4945;24;4939.5;670.65625
-1;68300;PEARLS;9996;1;9995;26;;;10004;1;10005;26;;;10000.0;748.0
-1;68300;BANANAS;4937;27;;;;;4944;27;;;;;4940.5;662.9453
-1;68400;PEARLS;9998;6;9995;28;;;10005;28;;;;;10001.5;748.0
-1;68400;BANANAS;4938;6;4937;28;;;4944;28;;;;;4941.0;665.8906
-1;68500;BANANAS;4939;2;4938;24;;;4944;1;4945;23;;;4941.5;672.58594
-1;68500;PEARLS;9998;2;9996;1;9995;23;10004;1;10005;23;;;10001.0;748.0
-1;68600;PEARLS;9996;1;9995;30;;;10002;10;10004;1;10005;30;9999.0;748.0
-1;68600;BANANAS;4938;31;;;;;4943;10;4945;31;;;4940.5;676.2578
-1;68700;PEARLS;10002;1;9998;7;9996;2;10004;2;10005;27;;;10003.0;748.0
-1;68700;BANANAS;4939;7;4938;29;;;4944;2;4945;27;;;4941.5;670.8281
-1;68800;PEARLS;9995;23;;;;;10005;23;;;;;10000.0;750.0
-1;68800;BANANAS;4938;23;;;;;4945;23;;;;;4941.5;687.8096
-1;68900;BANANAS;4941;6;4938;21;;;4944;21;;;;;4942.5;687.0498
-1;68900;PEARLS;9995;21;;;;;10005;21;;;;;10000.0;750.0
-1;69000;BANANAS;4939;3;4938;21;;;4944;1;4945;20;;;4941.5;687.333
-1;69000;PEARLS;9998;3;9996;1;9995;20;10004;1;10005;20;;;10001.0;750.0
-1;69100;PEARLS;9995;21;;;;;10005;21;;;;;10000.0;750.0
-1;69100;BANANAS;4938;21;;;;;4945;21;;;;;4941.5;687.27734
-1;69200;PEARLS;9996;1;9995;26;;;10002;6;10004;1;10005;26;9999.0;750.0
-1;69200;BANANAS;4938;27;;;;;4943;6;4945;27;;;4940.5;687.91895
-1;69300;PEARLS;9996;2;9995;22;;;10004;2;10005;22;;;10000.0;750.0
-1;69300;BANANAS;4939;2;4938;22;;;4945;24;;;;;4942.0;688.7422
-1;69400;BANANAS;4939;1;4938;27;;;4945;28;;;;;4942.0;688.6865
-1;69400;PEARLS;10002;4;9996;1;9995;27;10004;1;10005;27;;;10003.0;750.0
-1;69500;PEARLS;10002;2;9998;3;9995;27;10005;27;;;;;10003.5;758.0
-1;69500;BANANAS;4939;3;4938;27;;;4945;27;;;;;4942.0;687.9834
-1;69600;PEARLS;9996;1;9995;24;;;10002;4;10004;1;10005;24;9999.0;762.0
-1;69600;BANANAS;4938;25;;;;;4943;4;4944;1;4945;24;4940.5;687.3096
-1;69700;PEARLS;9996;2;9995;27;;;10004;2;10005;27;;;10000.0;763.0
-1;69700;BANANAS;4938;2;4937;27;;;4944;29;;;;;4941.0;687.9551
-1;69800;BANANAS;4938;1;4937;26;;;4944;28;;;;;4941.0;687.7827
-1;69800;PEARLS;9996;2;9995;26;;;10004;2;10005;26;;;10000.0;763.0
-1;69900;PEARLS;9995;26;;;;;10005;26;;;;;10000.0;763.0
-1;69900;BANANAS;4937;26;;;;;4944;26;;;;;4940.5;687.65576
-1;70000;PEARLS;9998;10;9996;1;9995;28;10004;1;10005;28;;;10001.0;763.0
-1;70000;BANANAS;4938;10;4937;29;;;4944;29;;;;;4941.0;687.56885
-1;70100;PEARLS;9995;27;;;;;10002;6;10005;27;;;9998.5;763.0
-1;70100;BANANAS;4937;27;;;;;4942;6;4944;27;;;4939.5;687.2617
-1;70200;BANANAS;4937;1;4936;25;;;4943;26;;;;;4940.0;686.8589
-1;70200;PEARLS;9996;1;9995;25;;;10000;3;10004;1;10005;25;9998.0;763.0
-1;70300;PEARLS;9995;25;;;;;10005;25;;;;;10000.0;763.0
-1;70300;BANANAS;4936;25;;;;;4942;25;;;;;4939.0;686.0254
-1;70400;PEARLS;9996;2;9995;29;;;10002;4;10004;2;10005;29;9999.0;763.0
-1;70400;BANANAS;4936;2;4935;29;;;4940;9;4942;31;;;4938.0;685.78906
-1;70500;PEARLS;9995;24;;;;;10005;24;;;;;10000.0;763.0
-1;70500;BANANAS;4936;24;;;;;4943;24;;;;;4939.5;686.312
-1;70600;BANANAS;4941;1;4936;2;4935;27;4942;29;;;;;4941.5;685.7837
-1;70600;PEARLS;9996;2;9995;27;;;10004;2;10005;27;;;10000.0;763.0
-1;70700;PEARLS;9995;24;;;;;10002;2;10005;24;;;9998.5;768.0
-1;70700;BANANAS;4935;24;;;;;4940;2;4942;24;;;4937.5;688.0
-1;70800;PEARLS;9996;2;9995;30;;;9998;1;10004;2;10005;30;9997.0;770.0
-1;70800;BANANAS;4935;31;;;;;4942;32;;;;;4938.5;689.27246
-1;70900;PEARLS;9995;29;;;;;10005;29;;;;;10000.0;772.0
-1;70900;BANANAS;4934;29;;;;;4941;29;;;;;4937.5;690.5078
-1;71000;BANANAS;4940;1;4935;2;4934;29;4941;31;;;;;4940.5;690.83594
-1;71000;PEARLS;9996;2;9995;29;;;10004;2;10005;29;;;10000.0;785.0
-1;71100;PEARLS;9996;2;9995;20;;;10004;2;10005;20;;;10000.0;785.0
-1;71100;BANANAS;4934;22;;;;;4935;7;4941;22;;;4934.5;693.541
-1;71200;PEARLS;9996;2;9995;24;;;10004;2;10005;24;;;10000.0;785.0
-1;71200;BANANAS;4935;2;4934;24;;;4941;26;;;;;4938.0;712.3086
-1;71300;PEARLS;9995;20;;;;;10005;20;;;;;10000.0;785.0
-1;71300;BANANAS;4935;20;;;;;4942;20;;;;;4938.5;714.1924
-1;71400;BANANAS;4934;30;;;;;4941;30;;;;;4937.5;712.5957
-1;71400;PEARLS;9998;1;9995;30;;;10005;30;;;;;10001.5;785.0
-1;71500;PEARLS;9996;1;9995;30;;;10004;1;10005;30;;;10000.0;785.0
-1;71500;BANANAS;4936;31;;;;;4942;1;4943;30;;;4939.0;716.5371
-1;71600;PEARLS;9995;22;;;;;10005;22;;;;;10000.0;785.0
-1;71600;BANANAS;4936;22;;;;;4943;22;;;;;4939.5;717.2627
-1;71700;PEARLS;9995;28;;;;;10005;28;;;;;10000.0;785.0
-1;71700;BANANAS;4936;28;;;;;4943;28;;;;;4939.5;717.6992
-1;71800;BANANAS;4937;2;4936;20;;;4943;22;;;;;4940.0;718.5752
-1;71800;PEARLS;9996;2;9995;20;;;10004;2;10005;20;;;10000.0;785.0
-1;71900;PEARLS;9996;2;9995;20;;;10004;2;10005;20;;;10000.0;785.0
-1;71900;BANANAS;4937;2;4936;20;;;4939;5;4943;22;;;4938.0;718.8037
-1;72000;PEARLS;9995;29;;;;;10002;8;10005;29;;;9998.5;785.0
-1;72000;BANANAS;4937;29;;;;;4942;8;4944;29;;;4939.5;720.2051
-1;72100;BANANAS;4937;28;;;;;4938;3;4942;1;4943;28;4937.5;719.08984
-1;72100;PEARLS;9996;2;9995;26;;;10002;1;10004;2;10005;26;9999.0;785.0
-1;72200;BANANAS;4936;21;;;;;4943;21;;;;;4939.5;721.56055
-1;72200;PEARLS;9996;1;9995;20;;;10004;1;10005;20;;;10000.0;785.0
-1;72300;BANANAS;4936;30;;;;;4942;30;;;;;4939.0;728.4297
-1;72300;PEARLS;9996;1;9995;29;;;10004;1;10005;29;;;10000.0;785.0
-1;72400;PEARLS;9995;24;;;;;10005;24;;;;;10000.0;785.0
-1;72400;BANANAS;4935;24;;;;;4942;24;;;;;4938.5;727.84375
-1;72500;PEARLS;9996;2;9995;28;;;10004;2;10005;28;;;10000.0;785.0
-1;72500;BANANAS;4936;30;;;;;4942;30;;;;;4939.0;728.5
-1;72600;BANANAS;4938;4;4936;2;4935;22;4942;24;;;;;4940.0;726.40625
-1;72600;PEARLS;9996;2;9995;22;;;10004;2;10005;22;;;10000.0;786.0
-1;72700;PEARLS;9995;29;;;;;10005;29;;;;;10000.0;786.0
-1;72700;BANANAS;4936;29;;;;;4943;29;;;;;4939.5;734.15625
-1;72800;PEARLS;9995;30;;;;;10005;30;;;;;10000.0;786.0
-1;72800;BANANAS;4936;30;;;;;4943;30;;;;;4939.5;738.6172
-1;72900;PEARLS;9996;1;9995;23;;;10004;1;10005;23;;;10000.0;786.0
-1;72900;BANANAS;4937;1;4936;23;;;4943;24;;;;;4940.0;742.39844
-1;73000;BANANAS;4937;26;;;;;4943;2;4944;24;;;4940.0;746.21094
-1;73000;PEARLS;9996;2;9995;24;;;10004;2;10005;24;;;10000.0;786.0
-1;73100;PEARLS;9996;2;9995;24;;;10002;5;10004;2;10005;24;9999.0;786.0
-1;73100;BANANAS;4937;26;;;;;4942;5;4943;2;4944;24;4939.5;748.22656
-1;73200;PEARLS;9996;1;9995;30;;;10004;1;10005;30;;;10000.0;786.0
-1;73200;BANANAS;4938;1;4937;30;;;4944;31;;;;;4941.0;759.09375
-1;73300;PEARLS;9996;2;9995;22;;;10004;2;10005;22;;;10000.0;786.0
-1;73300;BANANAS;4941;2;4937;24;;;4944;24;;;;;4942.5;752.6094
-1;73400;BANANAS;4938;30;;;;;4943;6;4944;1;4945;29;4940.5;760.85156
-1;73400;PEARLS;9996;1;9995;29;;;9998;1;10002;6;10004;1;9997.0;786.0
-1;73500;BANANAS;4938;21;;;;;4945;21;;;;;4941.5;766.27344
-1;73500;PEARLS;9995;21;;;;;9998;1;10005;21;;;9996.5;788.0
-1;73600;PEARLS;10002;1;9995;21;;;10005;21;;;;;10003.5;790.0
-1;73600;BANANAS;4937;21;;;;;4944;21;;;;;4940.5;756.90234
-1;73700;BANANAS;4943;1;4937;20;;;4944;20;;;;;4943.5;755.33594
-1;73700;PEARLS;9995;20;;;;;9998;10;10005;20;;;9996.5;792.0
-1;73800;BANANAS;4938;6;4937;27;;;4944;27;;;;;4941.0;757.83594
-1;73800;PEARLS;10002;1;9998;6;9995;27;10005;27;;;;;10003.5;812.0
-1;73900;BANANAS;4939;3;4938;24;;;4944;2;4945;22;;;4941.5;763.90625
-1;73900;PEARLS;9998;3;9996;2;9995;22;10004;2;10005;22;;;10001.0;814.0
-1;74000;PEARLS;9995;21;;;;;10005;21;;;;;10000.0;814.0
-1;74000;BANANAS;4938;21;;;;;4941;3;4945;21;;;4939.5;764.1953
-1;74100;BANANAS;4939;2;4938;26;;;4944;2;4945;24;;;4941.5;764.5078
-1;74100;PEARLS;9998;2;9996;2;9995;24;10004;2;10005;24;;;10001.0;814.0
-1;74200;BANANAS;4938;29;;;;;4945;29;;;;;4941.5;762.46875
-1;74200;PEARLS;9995;29;;;;;10005;29;;;;;10000.0;814.0
-1;74300;BANANAS;4938;13;;;;;4944;24;;;;;4941.0;761.70703
-1;74300;PEARLS;9995;24;;;;;10005;24;;;;;10000.0;814.0
-1;74400;PEARLS;9995;21;;;;;10005;21;;;;;10000.0;814.0
-1;74400;BANANAS;4938;21;;;;;4939;1;4945;21;;;4938.5;767.73047
-1;74500;BANANAS;4941;1;4938;27;;;4945;27;;;;;4943.0;768.45703
-1;74500;PEARLS;9995;27;;;;;10005;27;;;;;10000.0;814.0
-1;74600;BANANAS;4938;28;;;;;4944;29;;;;;4941.0;763.72656
-1;74600;PEARLS;9996;2;9995;27;;;10004;2;10005;27;;;10000.0;814.0
-1;74700;BANANAS;4938;2;4937;20;;;4944;22;;;;;4941.0;762.1094
-1;74700;PEARLS;9996;2;9995;20;;;9998;1;10004;2;10005;20;9997.0;819.0
-1;74800;PEARLS;9996;2;9995;22;;;9998;2;10004;2;10005;22;9997.0;821.0
-1;74800;BANANAS;4938;2;4937;22;;;4944;24;;;;;4941.0;760.9297
-1;74900;BANANAS;4937;22;;;;;4942;3;4943;1;4944;21;4939.5;752.58594
-1;74900;PEARLS;9996;1;9995;21;;;9998;1;10002;3;10004;1;9997.0;825.0
-1;75000;BANANAS;4937;2;4936;23;;;4943;25;;;;;4940.0;748.8789
-1;75000;PEARLS;9996;2;9995;23;;;10004;2;10005;23;;;10000.0;827.0
-1;75100;BANANAS;4937;7;4936;21;;;4943;23;;;;;4940.0;749.01953
-1;75100;PEARLS;10002;1;10000;4;9998;5;10004;2;10005;21;;;10003.0;827.0
-1;75200;PEARLS;9996;1;9995;28;;;10004;1;10005;28;;;10000.0;829.0
-1;75200;BANANAS;4941;13;4937;29;;;4943;29;;;;;4942.0;750.72656
-1;75300;BANANAS;4936;27;;;;;4937;1;4943;27;;;4936.5;770.4961
-1;75300;PEARLS;9995;27;;;;;10005;27;;;;;10000.0;829.0
-1;75400;BANANAS;4941;5;4937;28;;;4943;2;4944;26;;;4942.0;776.1211
-1;75400;PEARLS;9996;2;9995;26;;;10004;2;10005;26;;;10000.0;829.0
-1;75500;BANANAS;4937;1;4936;23;;;4943;24;;;;;4940.0;789.2578
-1;75500;PEARLS;9996;1;9995;23;;;10004;1;10005;23;;;10000.0;829.0
-1;75600;PEARLS;9995;30;;;;;10002;9;10005;30;;;9998.5;829.0
-1;75600;BANANAS;4937;30;;;;;4941;9;4943;30;;;4939.0;790.5703
-1;75700;BANANAS;4937;20;;;;;4941;1;4943;20;;;4939.0;791.2656
-1;75700;PEARLS;9995;20;;;;;10002;1;10005;20;;;9998.5;829.0
-1;75800;BANANAS;4936;31;;;;;4942;2;4943;29;;;4939.0;777.03125
-1;75800;PEARLS;9996;2;9995;29;;;10004;2;10005;29;;;10000.0;829.0
-1;75900;BANANAS;4936;21;;;;;4939;1;4943;21;;;4937.5;782.46875
-1;75900;PEARLS;9996;1;9995;20;;;10004;1;10005;20;;;10000.0;830.0
-1;76000;PEARLS;10000;4;9995;21;;;10002;9;10005;21;;;10001.0;830.0
-1;76000;BANANAS;4936;21;;;;;4941;9;4943;21;;;4938.5;783.9844
-1;76100;BANANAS;4936;26;;;;;4943;26;;;;;4939.5;794.3203
-1;76100;PEARLS;9996;1;9995;25;;;10004;1;10005;25;;;10000.0;830.0
-1;76200;BANANAS;4936;20;;;;;4943;20;;;;;4939.5;799.375
-1;76200;PEARLS;9995;20;;;;;10005;20;;;;;10000.0;830.0
-1;76300;BANANAS;4936;21;;;;;4943;22;;;;;4939.5;789.1719
-1;76300;PEARLS;9996;1;9995;21;;;9998;12;10004;1;10005;21;9997.0;830.0
-1;76400;BANANAS;4935;28;;;;;4942;28;;;;;4938.5;776.25
-1;76400;PEARLS;9996;2;9995;26;;;10004;2;10005;26;;;10000.0;854.0
-1;76500;PEARLS;9996;1;9995;20;;;10004;1;10005;20;;;10000.0;854.0
-1;76500;BANANAS;4935;21;;;;;4941;1;4942;20;;;4938.0;764.0547
-1;76600;BANANAS;4940;1;4934;30;;;4941;30;;;;;4940.5;757.1875
-1;76600;PEARLS;9995;30;;;;;10005;30;;;;;10000.0;854.0
-1;76700;BANANAS;4936;1;4935;26;;;4941;1;4942;25;;;4938.5;768.0
-1;76700;PEARLS;9998;1;9996;1;9995;25;10004;1;10005;25;;;10001.0;854.0
-1;76800;PEARLS;9996;2;9995;25;;;10004;2;10005;25;;;10000.0;854.0
-1;76800;BANANAS;4935;26;;;;;4942;27;;;;;4938.5;773.16406
-1;76900;PEARLS;9996;2;9995;21;;;10004;2;10005;21;;;10000.0;854.0
-1;76900;BANANAS;4935;23;;;;;4942;23;;;;;4938.5;772.66406
-1;77000;PEARLS;9996;2;9995;30;;;10004;2;10005;30;;;10000.0;854.0
-1;77000;BANANAS;4935;32;;;;;4941;2;4942;30;;;4938.0;768.0781
-1;77100;BANANAS;4935;29;;;;;4942;30;;;;;4938.5;773.09375
-1;77100;PEARLS;9996;1;9995;29;;;10004;1;10005;29;;;10000.0;854.0
-1;77200;PEARLS;9996;1;9995;29;;;10004;1;10005;29;;;10000.0;854.0
-1;77200;BANANAS;4935;1;4934;29;;;4941;30;;;;;4938.0;760.5
-1;77300;PEARLS;9996;1;9995;23;;;10004;1;10005;23;;;10000.0;854.0
-1;77300;BANANAS;4935;24;;;;;4941;1;4942;23;;;4938.0;768.5
-1;77400;PEARLS;9996;1;9995;21;;;10004;1;10005;21;;;10000.0;854.0
-1;77400;BANANAS;4935;1;4934;21;;;4941;22;;;;;4938.0;764.16406
-1;77500;BANANAS;4935;28;;;;;4941;2;4942;26;;;4938.0;767.4297
-1;77500;PEARLS;9996;2;9995;26;;;9998;3;10004;2;10005;26;9997.0;854.0
-1;77600;PEARLS;9996;1;9995;30;;;10004;1;10005;30;;;10000.0;860.0
-1;77600;BANANAS;4935;31;;;;;4941;1;4942;30;;;4938.0;766.28125
-1;77700;PEARLS;9998;4;9995;28;;;10005;28;;;;;10001.5;860.0
-1;77700;BANANAS;4935;5;4934;28;;;4941;28;;;;;4938.0;757.39844
-1;77800;PEARLS;9995;29;;;;;10005;29;;;;;10000.0;860.0
-1;77800;BANANAS;4934;29;;;;;4941;29;;;;;4937.5;761.6172
-1;77900;PEARLS;9996;2;9995;24;;;9998;1;10004;2;10005;24;9997.0;860.0
-1;77900;BANANAS;4935;26;;;;;4942;26;;;;;4938.5;777.52344
-1;78000;BANANAS;4936;1;4935;28;;;4942;28;;;;;4939.0;778.3906
-1;78000;PEARLS;9998;2;9996;1;9995;27;10004;1;10005;27;;;10001.0;860.0
-1;78100;PEARLS;10002;1;9998;4;9996;1;10004;1;10005;30;;;10003.0;860.0
-1;78100;BANANAS;4936;4;4935;31;;;4942;31;;;;;4939.0;777.0078
-1;78200;PEARLS;9998;8;9996;1;9995;27;10004;1;10005;27;;;10001.0;862.0
-1;78200;BANANAS;4936;8;4935;28;;;4942;28;;;;;4939.0;770.7422
-1;78300;PEARLS;9998;3;9995;28;;;10005;28;;;;;10001.5;862.0
-1;78300;BANANAS;4936;3;4935;28;;;4942;28;;;;;4939.0;769.60156
-1;78400;BANANAS;4935;28;;;;;4942;28;;;;;4938.5;776.66406
-1;78400;PEARLS;9996;2;9995;26;;;10004;2;10005;26;;;10000.0;862.0
-1;78500;PEARLS;9995;21;;;;;10005;21;;;;;10000.0;869.0
-1;78500;BANANAS;4934;21;;;;;4941;21;;;;;4937.5;763.6172
-1;78600;PEARLS;9996;2;9995;30;;;10004;2;10005;30;;;10000.0;869.0
-1;78600;BANANAS;4935;32;;;;;4941;2;4942;30;;;4938.0;766.3203
-1;78700;PEARLS;9995;21;;;;;10005;21;;;;;10000.0;877.0
-1;78700;BANANAS;4934;21;;;;;4941;21;;;;;4937.5;756.78906
-1;78800;BANANAS;4940;1;4937;2;4935;2;4941;29;;;;;4940.5;761.0
-1;78800;PEARLS;10002;8;9996;2;9995;27;10004;2;10005;27;;;10003.0;877.0
-1;78900;PEARLS;9996;1;9995;29;;;10004;1;10005;29;;;10000.0;893.0
-1;78900;BANANAS;4935;30;;;;;4941;1;4942;29;;;4938.0;771.21875
-1;79000;PEARLS;9996;1;9995;23;;;10004;1;10005;23;;;10000.0;893.0
-1;79000;BANANAS;4935;24;;;;;4941;1;4942;23;;;4938.0;768.71875
-1;79100;PEARLS;9995;24;;;;;10005;24;;;;;10000.0;893.0
-1;79100;BANANAS;4934;24;;;;;4935;1;4941;24;;;4934.5;758.4922
-1;79200;BANANAS;4934;26;;;;;4935;3;4941;26;;;4934.5;757.8281
-1;79200;PEARLS;9996;1;9995;25;;;10004;1;10005;25;;;10000.0;893.0
